title,country,date_added,platform,startYear,averageRating,numVotes,type,Action,Comedy,Drama,Horror,Romance,Sci.Fi,Thriller,budget,revenue
12 Dates of Christmas,United States,"November 12, 2019",disney,2011,6.3,6846,Movie,0,1,0,0,0,0,0,14692782.105957173,35378672.0072028
Beezy Bear,United States,"November 12, 2019",disney,1955,7,753,Movie,0,1,0,0,0,0,0,7381561.373954989,62260452.22099512
The Million Dollar Duck,United States,"November 12, 2019",disney,1971,5.7,2400,Movie,0,1,0,0,0,1,0,17716790.324169673,46188482.21076427
Ice Age: A Mammoth Christmas,United States,"November 26, 2021",disney,2011,6.4,10467,Movie,0,1,0,0,0,0,0,41040432.624568336,103673094.70445523
Toy Story Toons: Partysaurus Rex,United States,"November 12, 2019",disney,2012,7.4,7397,Movie,0,1,0,0,0,0,0,72887847.59061666,185143984.68639076
Sister Act 2: Back in the Habit,United States,"November 12, 2019",disney,1993,5.6,54294,Movie,0,1,0,0,0,0,0,38000000,57319029
Let's Stick Together,United States,"April 17, 2020",disney,1952,6.7,538,Movie,0,1,0,0,0,0,0,7541279.049263375,70933838.4627026
The Wild,Canada,"November 12, 2019",disney,2006,5.2,26137,Movie,0,1,0,0,0,0,0,80000000,37384046
The Incredible Journey,Canada,"November 12, 2019",disney,1963,7,4762,Movie,0,0,1,0,0,0,0,8428195.308860235,32457021.700623836
Can of Worms,United States,"November 12, 2019",disney,1999,4.9,1088,Movie,0,1,0,0,0,1,0,37459487.18350992,61846119.85350406
The Apple Dumpling Gang,United States,"November 12, 2019",disney,1975,6.4,5934,Movie,0,1,0,0,0,0,0,10308811.215114923,44126600.524469525
Lamp Life,United States,"January 31, 2020",disney,2020,6.7,3446,Movie,0,1,0,0,0,0,0,37544769.96442616,92187839.60176098
The Band Concert,United States,"November 12, 2019",disney,1935,7.8,3532,Movie,0,1,0,0,0,0,0,6982863.869454087,96811423.1422566
Teen Spirit,United States,"November 12, 2019",disney,2011,5.4,7375,Movie,0,1,1,0,0,0,0,8779799.101697445,12881263.512827324
Elmer Elephant,United States,"April 3, 2020",disney,1936,6.8,1329,Movie,0,1,0,0,0,0,0,7493687.356118622,78613064.2841966
Pluto's Purchase,United States,"April 17, 2020",disney,1948,6.4,484,Movie,0,1,0,0,0,0,0,8453596.37763646,74938260.01207073
Camp Rock 2: The Final Jam,United States,"November 12, 2019",disney,2010,5.2,18829,Movie,0,1,0,0,0,0,0,27341313.871652104,49423344.61516197
Once Upon a Time in Wonderland,Canada,"November 27, 2020",disney,2013,6.9,12377,TV Show,0,0,1,0,0,0,0,NA,NA
Meet the Robinsons,United States,"November 12, 2019",disney,2007,6.8,100580,Movie,0,1,0,0,0,0,0,150000000,169332978
Miracle in Lane 2,United States,"November 12, 2019",disney,2000,6,2170,Movie,0,1,1,0,0,0,0,11520413.000704877,19845757.327010248
Paperman,United States,"November 12, 2021",disney,2012,8.2,33718,Movie,0,1,0,0,0,0,0,35548349.00515283,99835048.89531517
Wander Over Yonder,United States,"May 7, 2021",disney,2013,7.3,4336,TV Show,0,1,0,0,0,0,0,NA,NA
Pluto's Surprise Package,United States,"November 12, 2019",disney,1949,6.3,496,Movie,0,1,0,0,0,0,0,8454411.58624895,73458576.23388393
Partly Cloudy,United States,"November 12, 2019",disney,2009,8.1,22187,Movie,0,1,0,0,0,0,0,30145469.689446017,92682292.48703907
Recess: School's Out,United States,"November 12, 2019",disney,2001,6.5,10801,Movie,0,1,0,0,0,0,0,10000000,44460850
Dug Days,United States,"September 1, 2021",disney,2021,8.1,4196,TV Show,0,1,0,0,0,0,0,NA,NA
Solo: A Star Wars Story,United States,"July 10, 2020",disney,2018,6.9,343774,Movie,1,0,0,0,0,1,0,157691926.7274594,513997645.3577349
Rescue Dog,United States,"November 12, 2019",disney,1947,6.6,700,Movie,0,1,0,0,0,0,0,8601200.884987313,76969394.64016698
Special Agent Oso,United States,"May 14, 2021",disney,2009,5.1,645,TV Show,1,0,0,0,0,0,0,NA,NA
The Swap,United States,"November 12, 2019",disney,2016,6,2138,Movie,0,1,0,0,0,0,0,11230938.115939885,27286446.86276213
Boat Builders,United States,"November 12, 2019",disney,1938,7.1,1463,Movie,0,1,0,0,0,0,0,6630761.434348321,82075254.39277129
Spider-Man Unlimited,United States,"November 12, 2019",disney,1999,6.3,3459,TV Show,1,0,0,0,0,0,0,NA,NA
Prep & Landing: Naughty vs. Nice,United States,"November 6, 2020",disney,2011,7.3,1910,Movie,0,1,0,0,0,0,0,65420560.19164372,170716636.39404964
Black Beauty,United States,"November 27, 2020",disney,2020,6.4,3762,Movie,0,0,1,0,0,0,0,12077539.861117018,29497587.842248585
The Incredibles,United States,"November 12, 2019",disney,2004,8,730560,Movie,1,0,0,0,0,0,0,92000000,631442092
Enchanted,United States,"November 12, 2021",disney,2007,7.1,199086,Movie,0,1,0,0,0,0,0,85000000,340487652
First Kid,United States,"November 12, 2019",disney,1996,5.2,11030,Movie,0,1,0,0,0,0,0,23502205.70783763,42000697.74116789
Snowglobe,United States,"November 12, 2019",disney,2007,5.8,2514,Movie,0,1,0,0,0,0,0,14180919.432740515,34512803.07971082
Hounded,United States,"November 12, 2019",disney,2001,5,1041,Movie,0,1,1,0,0,0,0,14759928.189322066,25130130.61125294
Star Wars: The Clone Wars,United States,"February 21, 2020",disney,2008,8.4,95080,TV Show,1,0,0,0,0,0,0,NA,NA
Mickey Mouse Funhouse,United States,"July 28, 2021",disney,2021,5.4,187,TV Show,0,1,0,0,0,0,0,NA,NA
Horse Sense,United States,"November 12, 2019",disney,1999,6.1,1931,Movie,0,0,1,0,0,0,0,11886495.019733587,16603680.043803126
Don's Fountain of Youth,United States,"April 3, 2020",disney,1953,7,827,Movie,0,1,0,0,0,0,0,7344693.8939549895,63987168.74025702
Double Dribble,United States,"April 3, 2020",disney,1946,6.6,873,Movie,0,1,0,0,0,0,0,8582767.528234933,77368549.7549077
G-Force,United States,"March 15, 2020",disney,2009,5.1,46909,Movie,1,0,0,0,0,0,0,150000000,292817841
Big Shot,NA,"April 16, 2021",disney,2021,7.5,4016,TV Show,0,1,1,0,0,0,0,NA,NA
Prince of Persia: The Sands of Time,United States,"August 7, 2020",disney,2010,6.6,290006,Movie,1,0,0,0,0,0,0,150000000,335154643
Liv and Maddie,United States,"April 23, 2021",disney,2013,6.3,8770,TV Show,0,1,1,0,0,0,0,NA,NA
The Muppets,United States,"November 12, 2019",disney,2011,7.1,92827,Movie,0,1,0,0,0,0,0,45000000,165184237
Pinocchio,United States,"November 12, 2019",disney,1940,7.5,146961,Movie,0,1,0,0,0,0,0,2600000,84300000
12 Dates of Christmas,United States,"November 12, 2019",disney,2011,6.3,6846,Movie,0,1,0,0,0,0,0,14692782.105957173,35378672.0072028
Handy Manny,United States,"November 12, 2019",disney,2006,5.5,2084,TV Show,0,1,0,0,0,0,0,NA,NA
Cruella,United States,"August 27, 2021",disney,2021,7.3,230723,Movie,0,1,0,0,0,0,0,69615276.9270149,194136427.72180656
Mary Poppins Returns,United States,"January 15, 2021",disney,2018,6.7,88175,Movie,0,1,0,0,0,0,0,118428819.81487943,303364791.65477324
"Monsters, Inc.",United States,"November 12, 2019",disney,2001,8.1,901663,Movie,0,1,0,0,0,0,0,115000000,562816256
The World According to Jeff Goldblum,United States,"November 12, 2019",disney,2019,7.7,2799,TV Show,0,1,0,0,0,0,0,NA,NA
Thru the Mirror,United States,"November 12, 2019",disney,1936,7.5,2459,Movie,0,1,0,0,0,0,0,6646723.486154568,93411049.94403332
Olaf's Frozen Adventure,United States,"November 12, 2019",disney,2017,5.6,12934,Movie,0,1,0,0,0,0,0,39938600.70598458,99151805.41248406
The Adventures of Huck Finn,United States,"November 12, 2019",disney,1993,6.2,8691,Movie,0,1,1,0,0,0,0,6500000,33847775.612166695
John Carter,United States,"May 2, 2020",disney,2012,6.6,272967,Movie,1,0,0,0,0,1,0,260000000,284139100
Lou,United States,"November 12, 2019",disney,2017,7.8,7738,Movie,0,1,0,0,0,0,0,19643845.413370512,84352437.76978749
The Manchurian Candidate,NA,"September 1, 2021",hulu,2004,6.6,111209,Movie,0,0,1,0,0,1,0,80000000,96105964
The Mighty Ones,NA,"July 1, 2021",hulu,2020,6.3,120,TV Show,0,1,0,0,0,0,0,NA,NA
"Nico, 1988",Italy,"December 13, 2018",hulu,2017,6.7,1916,Movie,0,0,1,0,0,0,0,9838321.45930041,16734266.199590024
The Binge,United States,"August 28, 2020",hulu,2020,5.2,3719,Movie,0,1,0,0,0,0,0,9728755.635992968,10838002.492422985
Devs,United Kingdom,"March 5, 2020",hulu,2020,7.7,39095,TV Show,0,0,1,0,0,1,0,NA,NA
Ip Man: Kung Fu Master,NA,"April 8, 2021",hulu,2019,4.5,959,Movie,1,0,0,0,0,0,0,12614060.73211939,38150332.554186925
Free Willy,United States,"September 1, 2021",hulu,1993,6,76991,Movie,0,0,1,0,0,0,0,20000000,153698625
The Future Diary,Japan,"March 17, 2017",hulu,2011,7.5,17529,TV Show,1,0,1,0,0,0,0,NA,NA
The Hotwives of Las Vegas,United States,"August 18, 2015",hulu,2015,6.8,494,TV Show,0,1,0,0,0,0,0,NA,NA
Chasing Papi,NA,"October 1, 2021",hulu,2003,4.7,4243,Movie,0,1,0,0,1,0,0,12197370.592810417,6126237
Safer at Home,NA,"June 27, 2021",hulu,2021,4,3633,Movie,0,0,1,0,0,0,1,9345829.037396131,14317696.079749893
Bones,United States,"September 26, 2017",hulu,2005,7.8,158523,TV Show,0,1,1,0,0,0,0,NA,NA
She Dies Tomorrow,United States,"December 4, 2020",hulu,2020,5.1,6411,Movie,0,0,1,1,0,0,0,8124466.764604817,12020470.17674083
Filthy Rich,NA,"September 22, 2020",hulu,2020,6.2,1765,TV Show,0,0,1,0,0,0,0,NA,NA
Shirley,United States,"June 5, 2020",hulu,2020,6.1,11684,Movie,0,0,1,0,0,0,0,11041738.02871856,13716219.844724212
Censor,NA,"October 14, 2021",hulu,2021,6,15619,Movie,0,0,0,1,0,0,0,10183579.531940753,29059717.224147532
Breakup at a Wedding,United States,"June 15, 2018",hulu,2013,5.1,245,Movie,0,1,0,0,0,0,0,6841212.366417004,14615790.503529543
Saving Flora,NA,"May 15, 2020",hulu,2018,5.8,519,Movie,0,0,1,0,0,0,0,10666308.98381023,25635114.542564373
The Other Guy,Australia,"February 14, 2020",hulu,2017,6.9,577,TV Show,0,1,1,0,0,0,0,NA,NA
Fast N' Loud,United States,"May 15, 2020",hulu,2012,7.4,2750,TV Show,0,1,0,0,0,0,0,NA,NA
Vampire Knight,Japan,"February 18, 2011",hulu,2008,7.3,5325,TV Show,1,0,1,0,0,0,0,NA,NA
Toy Soldiers,NA,"August 1, 2021",hulu,1991,6.6,23262,Movie,1,0,1,0,0,0,1,18083068.733690932,15073942
Dead by Dawn,NA,"January 13, 2019",hulu,2019,7.1,114,TV Show,0,0,0,1,0,0,0,NA,NA
Arifureta: From Commonplace to World's Strongest,Japan,"August 7, 2019",hulu,2019,7.1,2992,TV Show,1,0,0,0,0,0,0,NA,NA
The Musketeers,United Kingdom,"May 14, 2016",hulu,2014,7.8,22411,TV Show,0,0,1,0,0,0,0,NA,NA
You Laugh But It's True,United States,"February 1, 2021",hulu,2011,7.1,1179,Movie,0,1,0,0,0,0,0,6075854.921363084,19224411.764363404
Jann,Canada,"January 29, 2021",hulu,2019,7.3,557,TV Show,0,1,0,0,0,0,0,NA,NA
The Hug,United States,"October 1, 2018",hulu,2018,6.2,675,Movie,0,0,0,1,0,1,0,10759669.371780751,28387584.66103048
Cougar Town,United States,"October 1, 2018",hulu,2009,7,43766,TV Show,0,1,0,0,1,0,0,NA,NA
King of the Hill,United States,"November 1, 2018",hulu,1997,7.5,52830,TV Show,0,1,1,0,0,0,0,NA,NA
Happiest Season,United States,"November 25, 2020",hulu,2020,6.6,39103,Movie,0,1,1,0,0,0,0,13820320.657697972,15136222.500739763
The Deceived,NA,"July 18, 2021",hulu,2020,5.8,1554,TV Show,0,0,1,0,0,0,1,NA,NA
Elementary,United States,"September 14, 2019",hulu,2012,7.9,111093,TV Show,0,0,1,0,0,0,0,NA,NA
Switchback,NA,"June 1, 2021",hulu,1997,6.4,14331,Movie,0,0,0,0,0,0,1,37000000,6482195
The Colony,Canada,"June 12, 2015",hulu,2013,5.3,45593,Movie,1,0,0,0,0,1,1,16000000,48143559.54972679
Fear of Rain,NA,"July 2, 2021",hulu,2021,5.9,7893,Movie,0,0,1,1,0,0,1,8638776.034791647,11978507.215232247
Cheers,United States,"May 2, 2014",hulu,1982,7.9,54898,TV Show,0,1,1,0,0,0,0,NA,NA
The Hate U Give,NA,"August 15, 2021",hulu,2018,7.4,36533,Movie,0,0,1,0,0,0,0,8554427.871743448,16410085.460656649
Super Dark Times,United States,"January 1, 2021",hulu,2017,6.6,23482,Movie,0,0,1,1,0,0,0,11172313.516911764,13175684.416387066
Dream Corp LLC,United States,"August 13, 2021",hulu,2016,7.2,991,TV Show,0,1,0,0,0,0,0,NA,NA
Looking for Alaska,United States,"October 18, 2019",hulu,2019,8,11464,TV Show,0,0,1,0,1,0,0,NA,NA
1 Night in San Diego,NA,"March 15, 2021",hulu,2020,3.4,489,Movie,0,1,0,0,0,0,0,9780477.58643764,19952555.68086459
Law & Order: Special Victims Unit,United States,"September 24, 2021",hulu,1999,8.1,105266,TV Show,0,0,1,0,0,0,0,NA,NA
Oculus,United States,"February 15, 2020",hulu,2013,6.5,129651,Movie,0,0,0,1,0,0,1,5000000,44030246
Mommy,NA,"September 1, 2021",hulu,2014,8,57184,Movie,0,0,1,0,0,0,0,4900000,3494070
The Last Man on Earth,United States,"October 2, 2017",hulu,2015,7.3,59060,TV Show,1,1,1,0,0,0,0,NA,NA
Priceless,NA,"March 1, 2021",hulu,2016,6,3915,Movie,0,0,1,0,1,0,0,6040316.857052799,7606009.96791487
The Mask of Zorro,United States,"October 1, 2021",hulu,1998,6.8,184595,Movie,1,1,0,0,0,0,0,95000000,250288523
Good Deeds,United States,"July 27, 2020",hulu,2012,5.6,7976,Movie,0,1,1,0,1,0,0,8375907.831087269,13925544.096764296
Intersect,NA,"March 15, 2021",hulu,2020,3.7,3773,Movie,0,0,0,1,0,1,1,11110038.166675594,27143550.5047709
Clemency,United States,"June 12, 2020",hulu,2019,6.5,4545,Movie,0,0,1,0,0,0,0,8913698.079206718,7063286.373457045
Difficult People,United States,"August 8, 2017",hulu,2015,7.1,4249,TV Show,0,1,0,0,0,0,0,NA,NA
The Postcard Killings,United Kingdom,"June 30, 2020",hulu,2020,5.7,11409,Movie,0,0,1,0,0,0,1,7736345.4551984295,7930512.330479002
Law & Order: Organized Crime,NA,"April 2, 2021",hulu,2021,7.7,7160,TV Show,0,0,1,0,0,0,0,NA,NA
Arrested Development,United States,NA,hulu,2003,8.7,303342,TV Show,0,1,0,0,0,0,0,NA,NA
Gunfight at the O.K. Corral,United States,"August 1, 2021",hulu,1957,7.2,15956,Movie,0,0,1,0,0,0,0,7769617.770112969,11750000
Blade: Trinity,United States,"October 1, 2020",hulu,2004,5.8,178128,Movie,1,0,0,1,0,1,0,65000000,128905366
Medium,United States,NA,hulu,2005,7.1,28520,TV Show,0,0,1,0,0,0,0,NA,NA
Sweet Virginia,United States,"July 1, 2021",hulu,2017,6.2,10900,Movie,1,0,1,0,0,0,1,11210849.560166564,19460599.936671615
Black Butler,Japan,"July 10, 2020",hulu,2008,7.7,8137,TV Show,1,1,0,0,0,0,0,NA,NA
Children of the Corn,United States,"December 31, 2016",hulu,1984,5.6,52853,Movie,0,0,0,1,0,0,1,800000,14000000
Bad Banks,Germany,"February 21, 2020",hulu,2018,7.9,5723,TV Show,0,0,1,0,0,0,1,NA,NA
The Cured,Ireland,"July 1, 2020",hulu,2017,5.6,8783,Movie,0,0,1,1,0,1,0,13288526.970614197,22678229.160685603
12 Hour Shift,United States,"February 4, 2021",hulu,2020,5.5,4446,Movie,0,1,0,1,0,0,1,6960325.174658848,13993885.344845952
The Host,NA,"April 8, 2020",hulu,2006,7.1,121805,Movie,1,0,1,1,0,0,0,11000000,88489643
Framing John DeLorean,United States,"November 5, 2019",hulu,2019,6.5,2378,Movie,0,0,1,0,0,0,0,6347626.690337269,10909757.196193721
Prisoners,United States,"September 10, 2020",hulu,2013,8.1,701888,Movie,0,0,1,0,0,0,0,46000000,122126687
One Piece,Japan,"January 23, 2014",hulu,1999,8.9,122328,TV Show,1,0,0,0,0,0,0,NA,NA
Happy Endings,United States,"January 1, 2016",hulu,2011,7.8,38510,TV Show,0,1,0,0,1,0,0,NA,NA
28 Weeks Later,NA,"July 1, 2021",hulu,2007,6.9,276443,Movie,1,0,0,1,0,0,0,15000000,64238440
The Vow,NA,"October 1, 2021",hulu,2012,6.8,194769,Movie,0,0,1,0,1,0,0,30000000,196114570
Once Upon a Time in Venice,United States,"December 15, 2020",hulu,2017,5.3,19724,Movie,1,1,0,0,0,0,0,23209358.767936613,46060012.7681252
Florence Foster Jenkins,NA,"February 26, 2021",hulu,2016,6.8,56390,Movie,0,1,1,0,0,0,0,29000000,48902953
Underworld,United States,"July 1, 2021",hulu,2003,7,270299,Movie,1,0,0,0,0,0,1,22000000,95708457
Love Sarah,NA,"May 4, 2021",hulu,2020,6.1,2869,Movie,0,1,1,0,1,0,0,7959564.650831263,8312143.194481733
Brothers & Sisters,United States,"October 2, 2018",hulu,2006,7.4,24068,TV Show,0,0,1,0,0,0,0,NA,NA
Breaking Fast,NA,"April 22, 2021",hulu,2020,6.5,3024,Movie,0,1,1,0,1,0,0,7604108.54325807,8685947.030706909
The Alchemist Cookbook,United States,"January 15, 2020",hulu,2016,5.1,1609,Movie,0,1,1,1,0,0,0,7229589.4315297585,11309811.732387256
Tooth Fairy,United States,"July 1, 2021",hulu,2010,5,46743,Movie,0,1,0,0,0,0,0,48000000,112462508
Brockmire,United States,"June 16, 2020",hulu,2017,8,5747,TV Show,0,1,1,0,0,0,0,NA,NA
RocketJump: The Show,United States,"December 2, 2015",hulu,2015,7.1,168,TV Show,1,1,0,0,0,0,0,NA,NA
Factotum,NA,"July 1, 2021",hulu,2005,6.6,14591,Movie,0,1,1,0,1,0,0,10300624.29767164,19716545.87713958
Paradox,United Kingdom,"November 29, 2013",hulu,2009,6.9,1970,TV Show,0,0,1,0,0,1,0,NA,NA
Over the Garden Wall,United States,"June 7, 2015",hulu,2014,8.8,55341,TV Show,0,1,0,0,0,0,0,NA,NA
The Vigil,NA,"May 28, 2021",hulu,2019,5.8,8078,Movie,0,0,0,1,0,0,1,10245350.386053372,21570834.590256274
The Act,United States,"March 20, 2019",hulu,2019,7.9,27628,TV Show,0,0,1,0,0,0,0,NA,NA
Find Me in Paris,France,"August 21, 2020",hulu,2018,7,1482,TV Show,0,1,1,0,0,0,0,NA,NA
Pawn Stars,United States,"February 15, 2021",hulu,2009,7.2,16898,TV Show,0,1,0,0,0,0,0,NA,NA
Chaos Walking,NA,"August 27, 2021",hulu,2021,5.7,48157,Movie,1,0,0,0,0,0,0,69103073.50002114,137257456.8971706
Crawl,United States,"June 18, 2020",hulu,2019,6.1,84611,Movie,1,0,0,1,0,0,0,40268775.64746443,84880201.86509867
Celeste Barber: Challenge Accepted,NA,"November 1, 2019",hulu,2019,6.4,79,Movie,0,1,0,0,0,0,0,8939195.1747208,12205785.4662251
No Escape,United States,"January 17, 2021",hulu,2020,5.8,17,Movie,0,0,0,1,0,0,0,6202860.587838598,16169782.382904582
Monogamy,United States,"February 15, 2018",hulu,2010,5,855,Movie,0,0,1,0,1,0,0,1000000,11462521.200082198
Shark Tale,NA,"August 1, 2021",hulu,2004,6,183461,Movie,0,1,0,0,0,0,0,75000000,367275019
Cherry Pop,United States,"February 1, 2020",hulu,2017,4.5,1519,Movie,0,1,0,0,0,0,0,10048654.247869415,21012802.170952965
Dark Side of the Ring,Canada,"September 15, 2021",hulu,2019,8.7,2968,TV Show,0,0,1,0,0,0,0,NA,NA
Tokyo Ghoul,Japan,"April 10, 2018",hulu,2014,7.8,52864,TV Show,1,0,1,0,0,0,0,NA,NA
In the Earth,NA,"August 27, 2021",hulu,2021,5.2,8631,Movie,0,0,0,1,0,1,0,12002211.00284095,33742949.43873566
WWE Superstars,United States,"September 5, 2017",hulu,2009,5.6,311,TV Show,1,0,0,0,0,0,0,NA,NA
Woke,NA,"September 9, 2020",hulu,2020,6.5,3393,TV Show,0,1,0,0,0,0,0,NA,NA
It Came from the Desert,Finland,"October 15, 2018",hulu,2017,4.2,1754,Movie,1,1,0,0,0,0,0,27002984.627083156,83130435.37302528
Crimson Tide,NA,"October 1, 2021",hulu,1995,7.3,113263,Movie,1,0,1,0,0,0,1,53000000,157387195
Hitman: Agent 47,United States,"September 15, 2021",hulu,2015,5.7,91484,Movie,1,0,0,0,0,0,1,35000000,81967450
Waiting for the Barbarians,Italy,"December 5, 2020",hulu,2019,5.9,12107,Movie,0,0,1,0,0,0,0,10034251.015613927,7211216.67163849
Willy's Wonderland,NA,"June 13, 2021",hulu,2021,5.5,29010,Movie,1,1,0,1,0,0,0,15208397.160443114,23923974.37723512
Charlotte,Japan,"January 31, 2020",hulu,2015,7.5,6589,TV Show,0,0,1,0,0,0,0,NA,NA
Buffaloed,United States,"June 18, 2020",hulu,2019,6.2,6198,Movie,0,1,1,0,0,0,0,8292940.87713306,7805582.906611191
Reprisal,United States,"December 6, 2019",hulu,2019,7.4,4472,TV Show,1,0,1,0,0,0,0,NA,NA
Flower of Evil,NA,"July 3, 2021",hulu,2020,8.7,7964,TV Show,0,0,0,0,1,0,0,NA,NA
God's Own Country,United Kingdom,"December 5, 2020",hulu,2017,7.6,31155,Movie,0,0,1,0,1,0,0,8585543.26913024,22705296.34126978
A Boy Named Charlie Brown,United States,"April 25, 2014",hulu,1969,7.3,5089,Movie,0,1,1,0,0,0,0,10368117.428999795,42072462.227291696
The Amityville Murders,NA,"October 1, 2019",hulu,2018,4.7,2131,Movie,0,0,0,1,0,0,0,6914596.052462394,13028996.182913857
Daniel Deronda,United Kingdom,"November 29, 2013",hulu,2002,7.2,4891,TV Show,0,0,1,0,1,0,0,NA,NA
Witchblade,Japan,"September 5, 2017",hulu,2006,7,1463,TV Show,1,0,0,0,0,0,0,NA,NA
Celeste & Jesse Forever,NA,"October 20, 2020",hulu,2012,6.6,31796,Movie,0,1,1,0,1,0,0,9610470.275168646,3094813
UnREAL,United States,"July 16, 2018",hulu,2015,7.8,14817,TV Show,0,0,1,0,0,0,0,NA,NA
The Heart of Christmas,United States,"December 31, 2019",hulu,2011,6.8,1160,Movie,0,0,1,0,0,0,0,9712869.520035947,22450091.82013819
Friday Night Lights,NA,"April 20, 2018",hulu,2006,8.7,66415,TV Show,0,0,1,0,0,0,0,NA,NA
Vantage Point,United States,"September 1, 2021",hulu,2008,6.6,150665,Movie,1,0,1,0,0,0,0,40000000,151161491
Saved by the Bell: The College Years,United States,"January 17, 2016",hulu,1993,6.3,4989,TV Show,0,1,0,0,1,0,0,NA,NA
Wipeout,NA,"August 30, 2021",hulu,2008,6.6,7856,TV Show,0,1,0,0,0,0,0,NA,NA
Blast of Tempest,Japan,"January 31, 2020",hulu,2012,7.5,1434,TV Show,1,0,0,0,0,0,0,NA,NA
Time Freak,United States,"July 22, 2019",hulu,2018,5.8,9018,Movie,0,1,1,0,1,0,0,9448768.043392349,10172426.522241004
Shelley,NA,"July 1, 2021",hulu,2016,5.2,3583,Movie,0,0,1,1,0,0,0,9173710.263040204,12933461.857843842
Shakugan no Shana,Japan,"September 14, 2012",hulu,2005,7,1080,TV Show,1,0,0,0,0,0,0,NA,NA
BEM,Japan,"August 13, 2019",hulu,2019,5.9,208,TV Show,0,0,0,1,0,0,0,NA,NA
Firefly,United States,NA,hulu,2002,9,264522,TV Show,0,0,1,0,0,1,0,NA,NA
Up to Speed,United States,"August 9, 2012",hulu,2012,6.5,150,TV Show,0,1,0,0,0,0,0,NA,NA
A Certain Scientific Railgun,Japan,"July 31, 2020",hulu,2009,7.5,1558,TV Show,1,1,0,0,0,0,0,NA,NA
Breeders,United Kingdom,"March 23, 2021",hulu,2020,7.5,6033,TV Show,0,1,1,0,0,0,0,NA,NA
This Is Us,United States,"October 28, 2020",hulu,2016,8.7,142685,TV Show,0,1,1,0,1,0,0,NA,NA
I Declare War,NA,"July 15, 2021",hulu,2014,4.5,19,Movie,0,0,1,0,0,0,0,6160326.640322406,10643871.987452442
Wild Mountain Thyme,NA,"April 25, 2021",hulu,2020,5.7,9280,Movie,0,1,1,0,1,0,0,9472257.346381666,10348609.162795082
The Program,NA,"October 4, 2021",hulu,1993,6.4,10808,Movie,1,0,1,0,1,0,0,13874755.828725252,23042200
Melrose Place,United States,"June 10, 2014",hulu,1992,5.9,12333,TV Show,0,0,1,0,1,0,0,NA,NA
Spider-Man 3,United States,"October 1, 2020",hulu,2007,6.3,586993,Movie,1,0,0,0,0,1,0,258000000,890871626
Hellsing Ultimate,Japan,"September 5, 2017",hulu,2006,8.3,23361,TV Show,1,0,0,0,0,0,0,NA,NA
Señora Acero,Mexico,"May 10, 2018",hulu,2014,6.9,397,TV Show,0,0,1,0,1,0,0,NA,NA
Shoplifters,Japan,"March 14, 2019",hulu,2018,7.9,76326,Movie,0,0,1,0,0,0,1,13803674.700994117,32013068.388304256
D-Frag!,Japan,"September 5, 2017",hulu,2014,7.3,750,TV Show,0,1,0,0,0,0,0,NA,NA
Attack on Titan,Japan,"December 6, 2020",hulu,2013,9,365059,TV Show,1,0,0,0,0,0,0,NA,NA
Are You the One?,NA,"May 1, 2021",hulu,2014,6.6,2587,TV Show,0,0,0,0,1,0,0,NA,NA
One Tree Hill,United States,"February 1, 2018",hulu,2003,7.7,80309,TV Show,0,0,1,0,1,0,0,NA,NA
Nabari no Ou,Japan,"September 5, 2017",hulu,2008,6.4,304,TV Show,1,1,0,0,0,0,0,NA,NA
St. Elsewhere,United States,"October 1, 2018",hulu,1982,8,4616,TV Show,0,1,1,0,0,0,0,NA,NA
"Love, Simon",United States,"September 15, 2021",hulu,2018,7.5,114887,Movie,0,1,1,0,1,0,0,17648870.73048222,55566624.91888053
Sputnik,Russia,"November 13, 2020",hulu,2020,6.4,24295,Movie,0,0,1,1,0,0,0,11212984.567314975,14973574.744007839
Absolutely Fabulous,United Kingdom,"October 1, 2013",hulu,1992,8.2,20028,TV Show,0,1,0,0,0,0,0,NA,NA
About Endlessness,NA,"September 2, 2021",hulu,2019,6.8,6585,Movie,0,0,1,0,0,0,0,8008687.570892916,6935441.5461279
Cold Squad,Canada,"December 15, 2014",hulu,1998,6.8,587,TV Show,0,0,1,0,0,0,0,NA,NA
The Wolf Hour,NA,"July 17, 2020",hulu,2019,4.9,2998,Movie,0,0,1,0,0,0,0,9099498.127214117,7747670.1309181405
Don't Go,Ireland,"April 24, 2019",hulu,2018,5.2,1613,Movie,0,0,0,0,0,0,1,7137031.0781537015,15866065.83808827
American Housewife,United States,"October 29, 2020",hulu,2016,7.4,9725,TV Show,0,1,0,0,0,0,0,NA,NA
Bachelor in Paradise,United States,"August 17, 2021",hulu,2014,5.2,1785,TV Show,0,0,0,0,1,0,0,NA,NA
Hellbound: Hellraiser II,United Kingdom,"December 31, 2019",hulu,1988,6.4,49784,Movie,0,0,0,1,0,0,1,3000000,12090735
Stan Against Evil,United States,"February 20, 2019",hulu,2016,7.2,5891,TV Show,0,1,0,1,0,0,0,NA,NA
Miss You Already,NA,"September 1, 2021",hulu,2015,6.8,18957,Movie,0,1,1,0,1,0,0,7329750.499851481,11634320.83315473
Borgman,NA,"July 15, 2021",hulu,2013,6.7,17909,Movie,0,0,1,1,0,0,0,10752715.069363607,17183125.135255408
White Collar,United States,"December 17, 2018",hulu,2009,8.3,131308,TV Show,0,1,1,0,0,0,0,NA,NA
Stalker,NA,"September 16, 2021",hulu,2020,5.6,548,Movie,0,0,0,0,0,0,1,7896511.053323783,15858819.626861578
Attack on Titan: Junior High,Japan,"October 11, 2015",hulu,2015,7.1,2366,TV Show,1,0,0,0,0,0,0,NA,NA
Shrek 2,NA,"April 1, 2021",hulu,2004,7.3,460723,Movie,0,1,0,0,0,0,0,150000000,919838758
Tru Love,NA,"May 15, 2021",hulu,2013,6.4,836,Movie,0,0,1,0,1,0,0,6120484.621652666,6809999.58246068
Trespassers,United States,"October 11, 2019",hulu,2018,5,2789,Movie,1,0,0,1,0,0,0,10377638.959994545,27570520.20647802
Bad Roomies,United States,"October 15, 2018",hulu,2015,5.1,2513,Movie,0,1,0,0,0,0,0,7494883.800921947,10289098.079997338
Premature,United States,"May 22, 2020",hulu,2019,6.5,831,Movie,0,0,1,0,1,0,0,8140760.900275663,11987540.58578684
Married at First Sight,United States,"June 15, 2021",hulu,2014,6.2,2110,TV Show,0,0,0,0,1,0,0,NA,NA
Kaal,India,"April 1, 2020",netflix,2005,4.7,5451,Movie,0,0,0,1,0,0,0,19854085.316221304,57528679.15915432
The Zoya Factor,India,"November 30, 2019",netflix,2019,4.3,2528,Movie,0,1,1,0,1,0,0,10705877.626495175,18333661.007809
How High 2,United States,"December 31, 2019",netflix,2019,3.1,1159,Movie,0,1,0,0,0,0,0,9942274.136829466,20682560.775005616
The Witness Who Didn't See Anything,Egypt,"May 21, 2020",netflix,1976,8.4,569,Movie,0,1,0,0,0,0,0,4656703.227630936,36949900.76579454
Chicago Typewriter,South Korea,"October 1, 2019",netflix,2017,8.3,1807,TV Show,0,0,1,0,1,0,0,NA,NA
Fear and Loathing in Las Vegas,United States,"November 1, 2019",netflix,1998,7.5,282247,Movie,0,1,1,0,0,0,0,18500000,10680275
The Craft,United States,"January 1, 2020",netflix,1996,6.4,94359,Movie,0,0,1,1,0,0,0,15000000,24769466
Ragini MMS,India,"August 27, 2021",netflix,2011,5.1,2677,Movie,0,0,1,1,0,0,0,9874407.278139817,19674996.773495946
Spy Kids,United States,"April 1, 2019",netflix,2001,5.6,117970,Movie,1,1,0,0,0,0,0,35000000,147934180
Here to Heart,China,"October 23, 2018",netflix,2018,7.5,248,TV Show,0,0,1,0,1,0,0,NA,NA
Comedy Premium League,NA,"August 20, 2021",netflix,2021,4.7,1567,TV Show,0,1,0,0,0,0,0,NA,NA
Ho Mann Jahaan,Pakistan,"July 1, 2017",netflix,2015,6.9,1873,Movie,0,0,1,0,0,0,0,8036279.990006258,19029846.90671464
Lost Bullet,France,"June 19, 2020",netflix,2020,6.3,9736,Movie,1,0,0,0,0,0,1,11995105.276823157,24498654.428168103
Mucize,Turkey,"March 12, 2021",netflix,2015,7.6,12770,Movie,0,1,1,0,1,0,0,6157433.13491285,16585788.316627193
A Serious Man,United States,"January 16, 2018",netflix,2009,7,142970,Movie,0,0,1,0,0,0,0,7000000,31430334
Blood Pact,Brazil,"October 10, 2018",netflix,2018,8.8,213,TV Show,0,0,1,0,0,0,0,NA,NA
Jis Desh Men Ganga Behti Hai,NA,"December 31, 2019",netflix,1960,7.2,477,Movie,0,0,1,0,1,0,0,8068422.901424055,45681372.19304629
The Grandmaster,Hong Kong,"September 26, 2019",netflix,2013,6.5,34605,Movie,1,0,1,0,0,0,0,3860000,64076736
The Lives of Others,Germany,"March 15, 2019",netflix,2006,8.4,388288,Movie,0,0,1,0,0,0,1,2000000,70000000
Kaali Khuhi,India,"October 30, 2020",netflix,2020,3.5,1269,Movie,0,0,1,1,0,0,0,10124654.864433061,21619194.625948355
Love Wedding Repeat,United Kingdom,"April 10, 2020",netflix,2020,5.5,20682,Movie,0,1,0,0,1,0,0,14305351.3953308,19797895.87070988
Brand New Cherry Flavor,United States,"August 13, 2021",netflix,2021,7.1,15608,TV Show,0,0,1,1,0,0,0,NA,NA
Barah Aana,India,"December 31, 2019",netflix,2009,6.7,1256,Movie,0,1,1,0,0,0,0,7152815.895824376,13357459.733147684
Back to the 90s,Thailand,"January 1, 2019",netflix,2015,6.5,558,Movie,0,1,0,0,0,0,0,8279734.4833128415,13633871.885167124
"Faith, Hope & Love",United States,"February 4, 2020",netflix,2019,6.3,1075,Movie,0,1,0,0,1,0,0,8703321.33027648,13895890.554302463
Oh! Baby,India,"September 14, 2019",netflix,2019,7.4,2459,Movie,0,1,1,0,0,0,0,5590240.029319142,16802780.761297073
Nayattu,India,"May 9, 2021",netflix,2021,8.1,7285,Movie,0,0,0,0,0,0,1,8122346.332056871,27034125.51308175
Deviant Love,United States,"September 13, 2019",netflix,2019,3.5,433,Movie,0,0,0,0,0,0,1,8184836.849182687,23662712.996496867
The Young Offenders,Ireland,"March 9, 2017",netflix,2016,7,12670,Movie,0,1,0,0,0,0,0,28392359.06359261,61026963.47077578
W/O Ram,India,"October 26, 2018",netflix,2018,6,259,Movie,0,0,0,0,0,0,1,7163078.349606453,15196306.918878967
Funan,France,"July 18, 2020",netflix,2018,6.9,958,Movie,0,0,1,0,0,0,0,20008848.698241565,28433992.7433314
Snowpiercer,South Korea,"July 2, 2021",netflix,2013,7.1,359825,Movie,1,0,0,0,0,1,1,39200000,86758912
Karzzzz,India,"October 22, 2017",netflix,2008,2.3,1323,Movie,1,0,1,0,0,0,0,12018149.77845764,34126054.74470495
Indian Matchmaking,United States,"April 14, 2021",netflix,2020,6.2,3733,TV Show,0,0,0,0,1,0,0,NA,NA
He Even Has Your Eyes,France,"May 1, 2017",netflix,2016,6.2,3152,Movie,0,1,0,0,0,0,0,8963155.667942803,8801837.22996644
Cadaver,Norway,"October 22, 2020",netflix,2020,5.2,10275,Movie,0,0,1,1,0,0,1,9542445.16140836,12915546.254283294
Eurovision Song Contest: The Story of Fire Saga,United States,"June 26, 2020",netflix,2020,6.5,93903,Movie,0,1,0,0,0,0,0,24483492.654334333,53528237.76657322
Anchor Baby,Canada,"May 20, 2020",netflix,2010,6.3,91,Movie,0,0,1,0,0,0,1,6414226.74065614,12501173.034600604
A Little Chaos,United Kingdom,"April 17, 2019",netflix,2014,6.5,23523,Movie,0,0,1,0,1,0,0,10175340.841480961,10649553.271144435
The Age of Shadows,South Korea,"January 1, 2018",netflix,2016,7.1,10108,Movie,1,0,0,0,0,0,1,8620000,30434777.199903324
Chasing Amy,United States,"January 1, 2020",netflix,1997,7.2,138484,Movie,0,1,1,0,1,0,0,250000,12021272
Welcome Mr. President,Italy,"October 1, 2016",netflix,2013,6.2,3425,Movie,0,1,0,0,0,0,0,8489784.597036967,9500000
Max Rose,United States,"January 15, 2017",netflix,2013,6.2,583,Movie,0,0,1,0,0,0,0,5361227.844018488,5636633.168011394
Gold Statue,Nigeria,"June 2, 2021",netflix,2019,6.5,52,Movie,0,1,1,0,0,0,0,15956982.473118393,33240383.42862763
Like Crazy,United States,"August 19, 2021",netflix,2011,6.6,61905,Movie,0,0,1,0,1,0,0,250000,3542353
Bridezilla,Indonesia,"December 24, 2020",netflix,2019,6,55,Movie,0,1,1,0,0,0,0,6972718.620839882,8196668.037404387
6-5=2,India,"November 1, 2017",netflix,2014,4.4,209,Movie,0,0,0,1,0,0,0,5872098.847205177,16727804.352256536
I Am Vengeance: Retaliation,United Kingdom,"October 17, 2020",netflix,2020,3.5,2922,Movie,1,0,0,0,0,0,0,11452016.077352652,37649491.65266247
Mantostaan,India,"December 15, 2017",netflix,2017,6.3,104,Movie,0,0,1,0,0,0,0,8948585.04671243,8860852.371736143
The Trial,Italy,"April 10, 2020",netflix,2019,7.2,3298,TV Show,0,0,0,0,0,0,1,NA,NA
Goon,United States,"August 15, 2017",netflix,2011,6.8,87431,Movie,0,1,1,0,0,0,0,19095886.46221735,6483963
Ana e Vitória,Brazil,"November 2, 2018",netflix,2018,6.4,620,Movie,0,1,0,0,0,0,0,10743448.980449155,19558044.804872725
Khoon Khoon,India,"September 1, 2017",netflix,1973,5.2,44,Movie,0,0,0,0,0,0,1,10196892.417736705,21714745.16726719
Anthony Kaun Hai?,India,"July 1, 2018",netflix,2006,5.2,672,Movie,0,0,0,0,0,0,1,12144997.489512948,21363987.271873128
Can We Get Married?,South Korea,"May 22, 2017",netflix,2012,6.5,117,TV Show,0,1,0,0,1,0,0,NA,NA
Kidnapping Mr. Heineken,Netherlands,"September 8, 2017",netflix,2015,6.1,20957,Movie,1,0,1,0,0,0,0,12875281.081807295,2633527
Thug Life,India,"December 1, 2019",netflix,2017,6.1,55,Movie,0,1,0,0,0,0,0,8453863.047631977,11985037.76941756
Candyman,United States,"October 1, 2019",netflix,1992,6.7,91300,Movie,0,0,0,1,0,0,1,6000000,25792310
Working Title,NA,"July 1, 2021",netflix,2019,9.4,6,Movie,0,0,0,1,0,0,0,16456924.578368017,99246566.51607299
Mahabharat,India,"August 1, 2018",netflix,2013,5.3,585,Movie,1,0,0,0,0,0,0,61265752.82566393,135914633.96213424
Once Again,India,"September 1, 2018",netflix,2018,6.9,1047,Movie,0,0,1,0,1,0,0,6388158.71883795,9242680.715653297
The Car: Road to Revenge,United States,"February 1, 2020",netflix,2019,4,1121,Movie,1,0,0,1,0,0,0,19365341.93187586,62373844.19974124
Traitors,United Kingdom,"March 29, 2019",netflix,2019,6.6,3213,TV Show,0,0,0,0,0,0,1,NA,NA
Blood Money,India,"July 5, 2020",netflix,2012,3.2,593,Movie,1,0,0,0,0,0,1,2300000,37490838.35627084
Mumbai Cha Raja,India,"November 15, 2016",netflix,2012,6.3,178,Movie,0,0,1,0,0,0,0,5679647.15593633,7017272.2387899
Main Hoon Na,India,"April 1, 2018",netflix,2004,7,36104,Movie,1,1,1,0,0,0,0,14026495.004434787,27647019.893448014
Boys Over Flowers,South Korea,"May 16, 2020",netflix,2009,7.8,12208,TV Show,0,1,1,0,1,0,0,NA,NA
Marianne,France,"September 13, 2019",netflix,2019,7.4,15539,TV Show,0,0,1,1,0,0,0,NA,NA
Mission of Honor,United Kingdom,"July 29, 2019",netflix,2018,5.9,4979,Movie,1,0,1,0,0,0,0,29776189.68032594,30705183.96666712
Odu Raja Odu,India,"November 15, 2018",netflix,2018,6.9,98,Movie,0,1,1,0,0,0,0,5865623.179390913,10051592.431233224
Rocky V,United States,"August 1, 2019",netflix,1990,5.3,137664,Movie,0,0,1,0,0,0,0,42000000,119946358
Behind Her Eyes,United Kingdom,"February 17, 2021",netflix,2021,7.2,61281,TV Show,0,0,1,0,0,0,1,NA,NA
1 Chance 2 Dance,United States,"July 1, 2017",netflix,2014,4.6,580,Movie,0,0,1,0,0,0,0,9985942.331636908,21527035.844691042
Three,Hong Kong,"June 3, 2017",netflix,2016,5.9,1964,Movie,1,0,0,0,0,0,1,10708965.21869136,28136037.772670787
Love Off the Cuff,China,"January 31, 2019",netflix,2017,6.5,1043,Movie,0,0,0,0,1,0,0,8856889.95540866,14712405.27937186
Chloe,United States,"January 1, 2020",netflix,2009,6.3,73994,Movie,0,0,0,0,0,0,1,15000000,8459458
Messiah,United States,"January 1, 2020",netflix,2020,7.6,43231,TV Show,0,0,1,0,0,0,1,NA,NA
Dead Kids,Philippines,"December 1, 2019",netflix,2019,5.5,591,Movie,0,0,0,0,0,0,1,7296516.214001509,16002923.144222207
Humpty Sharma Ki Dulhania,India,"April 1, 2020",netflix,2014,6,13146,Movie,0,1,1,0,1,0,0,8346396.646269926,11251136.693932239
Madame Claude,France,"April 2, 2021",netflix,2021,5.4,3489,Movie,0,0,1,0,0,0,0,9867485.063583532,11040488.169328287
From A to B,United Arab Emirates,"June 11, 2020",netflix,2014,5.8,1326,Movie,0,1,1,0,0,0,0,14242575.924710456,33883989.35085242
Klaus,Spain,"November 15, 2019",netflix,2019,8.1,147497,Movie,0,1,0,0,0,0,0,110294843.53947616,410282771.40803796
Advantageous,United States,"June 23, 2015",netflix,2015,6.1,5574,Movie,0,0,1,0,0,1,0,14848023.358457305,24965520.86916004
Laddaland,Thailand,"September 7, 2018",netflix,2011,6.2,2343,Movie,0,0,1,1,0,0,0,9362164.218076564,18241724.04212251
Guilty,India,"March 6, 2020",netflix,2020,5.4,4467,Movie,0,0,1,0,0,0,1,8610104.714970803,9089160.484156206
Deewangee,India,"January 3, 2020",netflix,2002,6.5,2843,Movie,0,0,1,0,0,0,0,13688281.003044598,17408192.295085933
Event Horizon,United Kingdom,"January 1, 2020",netflix,1997,6.6,180409,Movie,0,0,0,1,0,1,1,60000000,26673242
The Lodgers,Ireland,"August 23, 2018",netflix,2017,5.1,9227,Movie,0,0,1,1,0,0,0,10670741.967004247,14075047.263343979
Ankahi Kahaniya,NA,"September 17, 2021",netflix,2021,5.5,900,Movie,0,0,1,0,1,0,0,7937252.578566618,6153734.875865839
The Strangers: Prey at Night,United States,"April 30, 2021",netflix,2018,5.2,31460,Movie,0,0,0,1,0,0,0,10466508.679783849,20842138.430750817
La Doña,United States,"November 17, 2018",netflix,2016,7,640,TV Show,0,0,1,0,1,0,0,NA,NA
Banana Island Ghost,Nigeria,"December 6, 2019",netflix,2017,6.2,51,Movie,1,1,0,0,0,0,0,12123568.162039053,25764360.209725525
Sitting in Limbo,United Kingdom,"May 1, 2021",netflix,2020,7.2,706,Movie,0,0,1,0,0,0,0,4960180.63378017,11422516.422954187
Hide and Seek,China,"August 19, 2017",netflix,2016,5.9,679,Movie,0,0,0,0,0,0,1,9044502.093531797,15357931.561372576
23:59,Singapore,"December 20, 2018",netflix,2011,4.5,988,Movie,0,0,0,1,0,0,0,6305233.496117727,21431849.238999553
Paharganj,India,"March 31, 2020",netflix,2019,4.5,2640,Movie,0,0,1,0,0,0,0,10206322.307147935,10659977.322746884
Maine Pyaar Kyun Kiya,India,"December 31, 2019",netflix,2005,5.6,5305,Movie,0,1,1,0,1,0,0,8110623.334108234,15949646.264288107
Wormwood,United States,"December 15, 2017",netflix,2017,7,4328,TV Show,0,0,1,0,0,0,0,NA,NA
Alelí,Uruguay,"April 16, 2020",netflix,2019,6.3,383,Movie,0,1,1,0,0,0,0,6849053.053271136,7800732.229069903
Sister Code,United States,"February 14, 2016",netflix,2015,4.2,409,Movie,0,1,1,0,1,0,0,9924557.161396693,18019307.709942747
The Wedding Coach,NA,"April 7, 2021",netflix,2021,4.9,93,TV Show,0,1,0,0,0,0,0,NA,NA
Whipped,Indonesia,"September 18, 2020",netflix,2020,4,645,Movie,0,1,1,0,1,0,0,12209430.776274126,23450054.471611563
Nocturnal Animals,United States,"December 16, 2020",netflix,2016,7.5,277953,Movie,0,0,1,0,0,0,1,22500000,29252978
Spookley and the Christmas Kittens,United States,"November 30, 2020",netflix,2019,5,104,Movie,0,0,1,0,0,0,0,25515410.9355515,68558068.59000938
Blue Miracle,United States,"May 27, 2021",netflix,2021,6.6,6977,Movie,0,0,1,0,0,0,0,16323915.80696601,29663921.15759377
Cannabis,France,"December 15, 2016",netflix,2016,6.8,618,TV Show,0,0,1,0,0,0,1,NA,NA
Do the Right Thing,United States,"September 1, 2021",netflix,1989,7.9,102360,Movie,0,1,1,0,0,0,0,6500000,37295445
Mother's Day,United States,"July 1, 2021",netflix,2016,5.6,37401,Movie,0,1,1,0,1,0,0,25000000,48418160
Great News,United States,"October 25, 2018",netflix,2017,7,7467,TV Show,0,1,0,0,0,0,0,NA,NA
Road to Yesterday,Nigeria,"July 1, 2016",netflix,2015,6,251,Movie,0,0,1,0,1,0,1,6472063.345685131,7293982.359665427
Her Private Life,South Korea,"July 15, 2021",netflix,2019,7.7,4300,TV Show,0,1,0,0,1,0,0,NA,NA
Iron Ladies,Taiwan,"February 9, 2019",netflix,2018,6.2,55,TV Show,0,0,0,0,1,0,0,NA,NA
Air Force One,United States,"July 1, 2021",netflix,1997,6.5,196535,Movie,1,0,1,0,0,0,1,85000000,315156409
The Square,United Kingdom,"January 17, 2014",netflix,2013,8,9082,Movie,0,0,1,0,0,0,0,12258794.232180186,32158999.573789395
Quantum of Solace,United Kingdom,"August 31, 2020",netflix,2008,6.6,447792,Movie,1,0,0,0,0,0,1,200000000,586090727
Mundeyan Ton Bachke Rahin,India,"November 1, 2018",netflix,2014,5.3,55,Movie,0,1,0,0,1,0,0,7179108.133798246,14344858.113951422
Pee-wee's Big Holiday,United States,"March 18, 2016",netflix,2016,6.1,8157,Movie,0,1,0,0,0,0,0,14575160.539756298,28878486.992799353
City of God,Brazil,"January 1, 2020",netflix,2002,8.6,751918,Movie,0,0,1,0,0,0,0,3300000,30641770
ViR: The Robot Boy,NA,"March 31, 2018",netflix,2013,3.2,79,TV Show,0,1,0,0,0,0,0,NA,NA
Hamburger Hill,United States,"November 23, 2019",netflix,1987,6.7,26003,Movie,1,0,1,0,0,0,1,13658513.024704825,13839404
The Big Show Show,United States,"December 9, 2020",netflix,2020,6.3,2473,TV Show,0,1,0,0,0,0,0,NA,NA
The World Is Yours,France,"November 30, 2018",netflix,2018,6.3,4471,Movie,0,1,0,0,0,0,0,9941752.58098119,11564645.646265425
"As Above, So Below",United States,"September 16, 2018",netflix,2014,6.2,94218,Movie,0,0,0,1,0,0,1,5000000,40100000
Fatima,Portugal,"January 31, 2021",netflix,2020,6.5,3375,Movie,0,0,1,0,0,0,0,16042454.642547088,10083553.429787414
Trigger Warning with Killer Mike,NA,"January 18, 2019",netflix,2019,7,1256,TV Show,0,1,0,0,0,0,0,NA,NA
Running for Grace,United States,"June 19, 2019",netflix,2018,6.1,1603,Movie,0,0,0,0,1,0,0,15616781.112232631,36149368.74691711
Mohawk,United States,"June 30, 2018",netflix,2017,4.7,1587,Movie,1,0,1,0,0,0,0,20535451.383849896,33772603.5057793
Wedy Atkalam,Kuwait,"May 14, 2020",netflix,2018,5.7,18,Movie,0,1,1,0,0,0,0,7666973.585461614,8500128.292068403
Bazaar,India,"December 31, 2019",netflix,1982,7.4,541,Movie,0,0,1,0,0,0,0,7607017.638119548,31073292.41746368
Total Recall,United States,"July 1, 2020",netflix,1990,7.5,330176,Movie,1,0,0,0,0,1,0,65000000,261317921
The Lost Brother,Argentina,"September 1, 2017",netflix,2017,6.5,1748,Movie,0,0,1,0,0,0,1,7214699.74013446,9673836.404170495
Ram Teri Ganga Maili,India,"December 31, 2019",netflix,1985,6.5,1036,Movie,0,0,1,0,1,0,0,9412920.04967661,39945792.924526915
Khido Khundi,India,"October 1, 2018",netflix,2018,6.8,101,Movie,0,0,1,0,0,0,0,9644897.08300021,20097241.341376785
The Legend of Michael Mishra,India,"April 1, 2019",netflix,2016,4.4,607,Movie,0,1,1,0,0,0,0,8035188.610866,14581015.834402326
Bedtime Stories,United States,"March 5, 2019",netflix,2008,6,95605,Movie,0,1,0,0,0,0,0,80000000,212874442
He's Out There,United States,"January 12, 2019",netflix,2018,5.2,8657,Movie,0,0,0,1,0,0,1,8721807.376781013,13902697.180431556
Carnaval,Brazil,"June 2, 2021",netflix,2021,4,934,Movie,0,1,0,0,0,0,0,9896897.76687159,15959140.61676068
Bebe's Kids,United States,"November 20, 2019",netflix,1992,5.8,5231,Movie,0,1,0,0,0,0,0,19718777.016408917,50944225.26359053
Mike Epps: Don't Take It Personal,United States,"December 18, 2015",netflix,2015,4.4,291,Movie,0,1,0,0,0,0,0,7775122.127295233,12868342.172677096
Power Rangers Jungle Fury,United States,"January 1, 2016",netflix,2008,6.6,1836,TV Show,1,0,1,0,0,0,0,NA,NA
Open Season,United States,"September 1, 2019",netflix,2006,6.1,96772,Movie,0,1,0,0,0,0,0,85000000,197309027
Casa de mi Padre,United States,"November 14, 2012",netflix,2012,5.5,21120,Movie,0,1,0,0,0,0,0,16277931.48842346,28113992.176531132
The Innocents,United Kingdom,"August 24, 2018",netflix,2018,6.2,5890,TV Show,0,0,1,1,0,0,0,NA,NA
Don,India,"December 15, 2019",netflix,2006,7.1,37601,Movie,1,0,0,0,0,0,1,7100000,35910928.5662432
Daybreak,United States,"October 24, 2019",netflix,2019,6.7,20493,TV Show,1,1,0,0,0,0,0,NA,NA
The Old Guard,United States,"July 10, 2020",netflix,2020,6.6,163493,Movie,1,0,0,0,0,0,1,51136333.24531556,106141062.9980549
The Man Without Gravity,Italy,"November 1, 2019",netflix,2019,5.8,2583,Movie,0,1,1,0,0,0,0,8297122.009063078,8025113.354428294
What the Love! with Karan Johar,United States,"January 30, 2020",netflix,2020,3.8,278,TV Show,0,0,0,0,1,0,0,NA,NA
What Did I Mess,Lebanon,"October 19, 2020",netflix,2018,7.2,710,Movie,0,1,0,0,1,0,0,8510780.499328492,23671150.62640224
Paranormal Activity,United States,"January 1, 2020",netflix,2007,6.3,239721,Movie,0,0,0,1,0,0,0,15000,193355800
Welcome 2 Karachi,India,"March 1, 2018",netflix,2015,4.2,1215,Movie,1,1,0,0,0,0,0,20620498.61133057,41714209.62740808
Lucknow Central,India,"October 16, 2017",netflix,2017,6.2,2938,Movie,1,0,1,0,0,0,0,9988811.082080828,17070458.454453602
Holiday Rush,United States,"November 28, 2019",netflix,2019,4.9,2746,Movie,0,1,1,0,0,0,0,11522675.309048165,28167221.080386672
Fashion,India,"August 2, 2018",netflix,2008,6.9,12624,Movie,0,0,1,0,1,0,0,5000000,14761293.67911776
Mad World,Hong Kong,"September 20, 2018",netflix,2016,7.2,1935,Movie,0,0,1,0,0,0,0,4622712.429781849,7034880.709824301
Kaleidoscope,United Kingdom,"May 8, 2018",netflix,2016,5.8,1061,Movie,0,0,0,0,0,0,1,7171921.006064252,13907755.977070915
Man to Man,South Korea,"June 10, 2017",netflix,2017,7.4,1341,TV Show,1,0,1,0,0,0,1,NA,NA
Uncut Gems,United States,"May 25, 2020",netflix,2019,7.4,278575,Movie,0,0,1,0,0,0,1,30571691.804156814,107045435.03959155
Find Yourself,NA,"January 29, 2020",netflix,2020,7.7,235,TV Show,0,0,1,0,1,0,0,NA,NA
Outside the Wire,Hungary,"January 15, 2021",netflix,2021,5.4,42562,Movie,1,0,0,0,0,0,0,65816798.31369812,138881217.2151613
A Man Called God,South Korea,"March 12, 2019",netflix,2010,6.2,192,TV Show,1,0,0,0,1,0,0,NA,NA
Jezebel,United States,"January 16, 2020",netflix,2019,6.6,935,Movie,0,0,1,0,0,0,0,6746064.422738678,7333077.676453604
The K2,South Korea,"October 1, 2019",netflix,2016,7.8,6641,TV Show,0,0,1,0,1,0,1,NA,NA
Nibunan,India,"May 1, 2018",netflix,2017,6.5,997,Movie,1,0,0,0,0,0,1,12498494.558354752,34000148.69859238
Euphoria,Italy,"November 1, 2019",netflix,2018,6.5,1341,Movie,0,0,1,0,0,0,0,7432412.410146775,7044443.686088379
Dogs of Berlin,Germany,"December 7, 2018",netflix,2018,7.5,12851,TV Show,1,0,1,0,0,0,0,NA,NA
Polar,United States,"January 25, 2019",netflix,2019,6.3,89929,Movie,1,0,0,0,0,0,1,26976589.351299036,55909364.74775152
Living with Yourself,United States,"April 14, 2021",netflix,2019,7.2,31476,TV Show,0,1,1,0,0,1,0,NA,NA
Moonlight,United States,"May 21, 2019",netflix,2016,7.4,306634,Movie,0,0,1,0,0,0,0,4000000,65046687
The Net,United States,"August 1, 2021",netflix,1995,5.9,67561,Movie,1,0,1,0,0,0,0,22000000,110627965
Bewildered Bolbol,Egypt,"June 20, 2019",netflix,2010,6.4,2745,Movie,0,1,1,0,1,0,0,6500254.518601094,12431836.312036816
Jimmy Neutron: Boy Genius,United States,"January 1, 2020",netflix,2001,6,34939,Movie,1,0,0,0,0,0,0,25000000,80936232
Tum Milo Toh Sahi,India,"July 1, 2018",netflix,2010,5.6,557,Movie,0,1,1,0,0,0,0,8023968.691865888,12919264.876860416
Band Aid,United States,"April 12, 2019",netflix,2017,6.6,5756,Movie,0,1,1,0,0,0,0,9086728.78046931,14253045.086805958
Kevin Hart: What Now?,United States,"April 11, 2017",netflix,2016,5.9,9571,Movie,0,1,0,0,0,0,0,6341262.520905529,13099604.730662335
The Healing Powers of Dude,NA,"January 13, 2020",netflix,2020,6.6,932,TV Show,1,1,0,0,0,0,0,NA,NA
From Japan to Egypt,Egypt,"June 6, 2019",netflix,2017,5.5,412,Movie,0,1,0,0,0,0,0,11457904.082875164,28035222.62642223
Lu Over the Wall,Japan,"March 18, 2020",netflix,2017,6.8,2331,Movie,0,1,0,0,0,0,0,39868273.22799723,96296002.73025334
Domestic Disturbance,United States,"June 2, 2021",netflix,2001,5.6,27588,Movie,0,0,0,0,0,0,1,75000000,54249294
Miss Hokusai,Japan,"October 1, 2017",netflix,2015,6.7,3281,Movie,0,0,1,0,0,0,0,15759615.714765696,29135761.96874139
Misfit,Netherlands,"August 3, 2019",netflix,2017,4.3,424,Movie,0,1,0,0,0,0,0,12403809.11206834,28245827.959371537
First They Killed My Father,Cambodia,"September 15, 2017",netflix,2017,7.1,18584,Movie,0,0,1,0,0,0,0,16884101.951717112,21568224.89640235
Cities of Last Things,Taiwan,"July 12, 2019",netflix,2018,6.2,1701,Movie,0,0,1,0,0,1,0,12050487.2693118,20646043.31993839
Unorthodox,Germany,"March 26, 2020",netflix,2020,8,79391,TV Show,0,0,1,0,0,0,0,NA,NA
Little Men,United States,"January 12, 2017",netflix,2016,6.7,7433,Movie,0,0,1,0,0,0,0,7637524.579661595,5596154.826695782
Chappie,South Africa,"September 1, 2021",netflix,2015,6.8,251617,Movie,1,0,1,0,0,0,0,49000000,104399548
Trainspotting,United Kingdom,"October 1, 2019",netflix,1996,8.1,683654,Movie,0,0,1,0,0,0,0,4000000,16491080
American Psycho,United States,"September 1, 2019",netflix,2000,7.6,601674,Movie,0,0,1,1,0,0,0,7000000,34266564
Starting Over Again,Philippines,"March 7, 2019",netflix,2014,6.9,561,Movie,0,0,1,0,0,0,0,4321454.3054985665,7056280.550880992
Hugo,United Kingdom,"March 1, 2020",netflix,2011,7.5,322958,Movie,0,0,1,0,0,0,0,170000000,185770160
The Sea of Trees,United States,"November 8, 2018",netflix,2015,6.1,15940,Movie,0,0,1,0,0,0,0,10766077.532136338,7305579.036076924
Strain,NA,"May 21, 2021",netflix,2020,5.7,26,Movie,0,0,1,0,0,0,0,7687878.150426388,6332919.973074384
Force 2,India,"February 27, 2017",netflix,2016,6.2,5649,Movie,1,0,0,0,0,0,1,35150196.475987494,86305611.48137964
Verónica,Mexico,"October 1, 2017",netflix,2017,5.8,1411,Movie,0,0,1,0,0,0,1,9486503.534203028,10656595.36650954
Grease,United States,"November 1, 2019",netflix,1978,7.2,275910,Movie,0,1,0,0,1,0,0,6000000,181813770
Golmaal Returns,India,"September 28, 2020",netflix,2008,5.1,8127,Movie,0,1,0,0,0,0,0,15795575.753357964,25670635.30237283
Take Me Home Tonight,United States,"May 16, 2019",netflix,2011,6.3,53628,Movie,0,1,1,0,1,0,0,19000000,6928068
S.W.A.T.,United States,"January 1, 2021",netflix,2003,6,147957,Movie,1,0,0,0,0,0,0,80000000,116643346
Kya Kehna,India,"April 1, 2018",netflix,2000,5.8,2124,Movie,0,0,1,0,1,0,0,8996701.616573717,9835211.520048255
The Rugrats Movie,United States,"October 1, 2019",netflix,1998,5.9,19551,Movie,0,1,0,0,0,0,0,30000000,100491683
The Land of Steady Habits,United States,"September 14, 2018",netflix,2018,6.2,7884,Movie,0,1,1,0,0,0,0,8703065.622881146,7990906.202368155
Mute,United Kingdom,"February 23, 2018",netflix,2018,5.4,35619,Movie,0,0,0,0,0,1,1,19776358.24426601,38198076.7311067
Tony Manero,Chile,"February 26, 2021",netflix,2008,6.8,4287,Movie,0,0,1,0,0,0,0,8016850.994475055,14965775.12291514
Popeye,United States,"November 24, 2019",netflix,1980,5.3,32203,Movie,0,1,0,0,0,0,0,20000000,56505849.03206647
Svaha: The Sixth Finger,South Korea,"May 30, 2019",netflix,2019,6.2,4075,Movie,0,0,0,1,0,0,0,9608718.140474914,27248289.286018476
ARQ,Canada,"September 16, 2016",netflix,2016,6.3,39500,Movie,1,0,0,0,0,1,1,28669767.79664712,55493980.88240042
The Eddy,United Kingdom,"May 8, 2020",netflix,2020,7.2,2976,TV Show,0,0,1,0,0,0,0,NA,NA
La diosa del asfalto,Mexico,"August 11, 2021",netflix,2020,5.1,187,Movie,0,0,1,0,0,0,0,7289570.715822109,6685175.136704877
The November Man,United States,"August 25, 2021",netflix,2014,6.2,68193,Movie,1,0,0,0,0,0,1,15000000,32556119
Six Windows in the Desert,Saudi Arabia,"February 27, 2020",netflix,2020,4.3,3146,TV Show,0,1,1,0,0,0,0,NA,NA
True to the Game,United States,"March 1, 2018",netflix,2017,5.2,830,Movie,0,0,0,0,0,0,1,7655894.603500722,13461944.046632934
The Witch,United Kingdom,"September 17, 2018",netflix,2015,6.9,257689,Movie,0,0,1,1,0,0,0,3500000,40423945
Sarajevo,Austria,"January 15, 2017",netflix,2014,6.7,2847,Movie,0,0,1,0,0,0,0,19191493.363823615,12247935.843771715
Hardcore Henry,Russia,"August 1, 2020",netflix,2015,6.7,95938,Movie,1,0,0,0,0,1,0,10000000,14333790
Dangerous Lies,United States,"April 30, 2020",netflix,2020,5.3,17250,Movie,0,0,0,0,0,0,1,11983877.255731324,17552501.1956868
Deep Water,Australia,"July 1, 2017",netflix,2016,6.8,3711,TV Show,0,0,1,0,0,0,0,NA,NA
As Good as It Gets,United States,"January 1, 2020",netflix,1997,7.7,298452,Movie,0,1,1,0,1,0,0,50000000,314178011
Cook Off,Zimbabwe,"June 1, 2020",netflix,2017,6,364,Movie,0,1,0,0,1,0,0,8830637.849280968,14163563.94365687
Frozen River,United States,"July 1, 2019",netflix,2008,7.1,25801,Movie,0,0,1,0,0,0,0,9444169.989902964,16964703.726684205
Donnie Brasco,United States,"January 1, 2020",netflix,1997,7.7,307971,Movie,0,0,1,0,0,0,0,35000000,41954997
Gunpowder Milkshake,NA,"July 14, 2021",netflix,2021,6,44201,Movie,1,0,0,0,0,0,1,21284088.85088396,36601079.54985274
Operation Mekong,China,"August 5, 2017",netflix,2016,6.5,4859,Movie,1,0,0,0,0,0,0,69611945.76310186,173000000
Shadow and Bone,United States,"April 23, 2021",netflix,2021,7.6,83306,TV Show,1,0,1,0,0,0,0,NA,NA
Bebe's Kids,United States,"November 20, 2019",netflix,1992,5.8,5231,Movie,0,1,0,0,0,0,0,19718777.016408917,50944225.26359053
The Night Comes for Us,Indonesia,"October 19, 2018",netflix,2018,6.9,26295,Movie,1,0,0,0,0,0,1,17449129.088638946,45102486.87825315
Wives on Strike: The Revolution,United Kingdom,"December 6, 2019",netflix,2017,5.9,28,Movie,0,1,1,0,0,0,0,7363267.279530775,8059679.839355179
Underworld,United States,"July 1, 2021",netflix,2003,7,270299,Movie,1,0,0,0,0,0,1,22000000,95708457
Chief Daddy,Nigeria,"March 15, 2019",netflix,2018,4.7,286,Movie,0,1,0,0,0,0,0,8868199.837370915,12518905.04556506
Oxygen,France,"May 12, 2021",netflix,2021,6.5,38779,Movie,0,0,1,0,0,1,0,16746680.058481392,25965125.080010384
Ghost Lab,Thailand,"May 27, 2021",netflix,2021,5.2,1471,Movie,0,0,1,1,0,0,1,8055453.91710508,12718086.114308968
"Wait, My Youth",China,"October 27, 2019",netflix,2019,8,129,TV Show,0,0,0,0,1,0,0,NA,NA
Dynasty Warriors,NA,"July 1, 2021",netflix,2021,4.7,2197,Movie,1,0,0,0,0,0,0,27397723.152676105,83810258.6724918
Sicilian Ghost Story,Italy,"July 6, 2019",netflix,2017,6.5,2302,Movie,0,0,1,0,0,0,0,6978647.0878613405,8124111.560591118
Alexandria: Again and Forever,France,"June 18, 2020",netflix,1989,6.5,689,Movie,0,0,1,0,0,0,0,8253536.831062508,14190767.613140382
Bullet Head,Bulgaria,"March 7, 2018",netflix,2017,5.4,10419,Movie,0,0,1,0,0,0,1,8303142.946248904,7591235.542107071
Over the Moon,China,"October 23, 2020",netflix,2020,6.3,22473,Movie,0,1,0,0,0,0,0,74721187.00124945,180877236.47280553
Freud,Austria,"March 23, 2020",netflix,2020,6.5,11929,TV Show,0,0,0,0,0,0,1,NA,NA
Guest House,United States,"December 18, 2020",netflix,2020,4.4,2190,Movie,0,1,0,0,0,0,0,9263257.413180107,14412264.35393811
Jab Harry Met Sejal,India,"December 2, 2017",netflix,2017,5,21001,Movie,0,1,1,0,1,0,0,13629310.796352655,17432520.61923664
Harold & Kumar Escape from Guantanamo Bay,United States,"October 1, 2019",netflix,2008,6.5,137586,Movie,0,1,0,0,0,0,0,12000000,43493123
God's Not Dead: A Light in Darkness,United States,"December 4, 2018",netflix,2018,4.4,4077,Movie,0,0,1,0,0,0,0,9477901.068560466,11849219.905574288
We Are the Wave,Germany,"November 1, 2019",netflix,2019,6.2,2753,TV Show,0,0,1,0,0,0,0,NA,NA
The Kissing Booth 2,United Kingdom,"July 24, 2020",netflix,2020,5.7,31975,Movie,0,1,0,0,1,0,0,18911534.339496586,30687728.50453599
48 Christmas Wishes,Canada,"December 20, 2017",netflix,2017,3.9,1115,Movie,0,1,0,0,0,0,0,24578959.50994428,71629653.47765197
"Sí, Mi Amor",NA,"May 6, 2020",netflix,2020,3.9,182,Movie,0,1,0,0,0,0,0,9877007.076339241,17209226.267972935
Rosemary's Baby,United States,"November 1, 2019",netflix,1968,8,215792,Movie,0,0,1,1,0,0,0,3200000,33395426
Chillar Party,India,"August 2, 2018",netflix,2011,7.5,7952,Movie,0,1,1,0,0,0,0,11508619.163650565,31589906.690368704
Triple 9,United States,"December 8, 2020",netflix,2016,6.3,72580,Movie,1,0,0,0,0,0,1,20000000,12639297
Mary Poppins Returns,United States,"July 9, 2019",netflix,2018,6.7,88175,Movie,0,1,0,0,0,0,0,118428819.81487943,303364791.65477324
Manoranjan,India,"September 1, 2017",netflix,1974,6.5,246,Movie,0,1,0,0,1,0,0,8043605.115014662,44946717.0122099
Racket Boys,NA,"June 2, 2021",netflix,2021,4.1,27628,TV Show,0,1,1,0,0,0,0,NA,NA
Brews Brothers,United States,"April 10, 2020",netflix,2020,5.1,1984,TV Show,0,1,1,0,0,0,0,NA,NA
American Woman,United States,"July 13, 2021",netflix,2019,5.1,316,Movie,0,0,1,0,0,0,0,7299070.715822109,6685175.136704877
First Match,United States,"March 30, 2018",netflix,2018,6.4,2318,Movie,0,0,1,0,0,0,0,11621043.23427301,19875059.20612364
Thumper,United States,"February 5, 2018",netflix,2017,5.8,2905,Movie,0,0,1,0,0,0,1,6880992.488392715,7881497.509795515
Jackpot,Vietnam,"October 6, 2018",netflix,2015,6.5,112,Movie,0,1,1,0,0,0,0,5549797.322460238,7857429.539093284
The Terminal,NA,"March 29, 2019",netflix,2018,6.1,18,TV Show,0,0,1,0,0,0,0,NA,NA
Terrace House: Tokyo 2019-2020,Japan,"August 10, 2020",netflix,2019,7.5,731,TV Show,0,0,1,0,0,0,0,NA,NA
The Smart Money Woman,NA,"September 16, 2021",netflix,2020,6.4,118,TV Show,0,0,1,0,0,0,0,NA,NA
Dum,India,"March 1, 2018",netflix,2003,5.7,1690,Movie,1,0,1,0,0,0,0,9232691.0254039,15567585.326290354
Tientsin Mystic,China,"February 9, 2018",netflix,2017,7,252,TV Show,0,0,1,0,0,0,0,NA,NA
Paying Guests,India,"July 1, 2018",netflix,2009,4.3,558,Movie,0,1,1,0,0,0,0,10001726.268817725,20751575.5267989
Small Chops,Nigeria,"June 5, 2021",netflix,2020,3.1,32,Movie,0,0,1,0,0,0,0,8658595.673604771,18834877.929700647
Free Fire,United Kingdom,"October 21, 2019",netflix,2016,6.3,47172,Movie,1,1,0,0,0,0,0,10000000,3565109
Sunrise,India,"March 15, 2017",netflix,2014,6.3,301,Movie,0,0,1,0,0,0,0,7983156.0065199835,10068781.490107682
Monty Python's Fliegender Zirkus,United Kingdom,"October 2, 2018",netflix,1972,8.1,2166,TV Show,0,1,0,0,0,0,0,NA,NA
The Last Hangover,Brazil,"December 21, 2018",netflix,2018,6.3,2326,Movie,0,1,0,0,0,0,0,8590943.354607841,11507270.731486272
Centaurworld,NA,"July 30, 2021",netflix,2021,7.6,2166,TV Show,0,1,0,0,0,0,0,NA,NA
Vanjagar Ulagam,India,"December 15, 2018",netflix,2018,6,262,Movie,1,0,1,0,0,0,0,9581643.848292995,18779061.10858878
Den of Thieves,United States,"May 1, 2020",netflix,2018,7,111994,Movie,1,0,1,0,0,0,0,28222011.650817998,60209378.502413675
The Sweetest Thing,United States,"May 1, 2021",netflix,2002,5.1,59311,Movie,0,1,0,0,1,0,0,43000000,68696770
Powder,India,"February 15, 2018",netflix,2010,8.6,767,TV Show,0,0,0,0,0,0,1,NA,NA
Pottersville,United States,"December 15, 2017",netflix,2017,5.4,4780,Movie,0,1,0,0,0,0,0,9753997.722454706,10282696.0161553
No Good Nick,United States,"August 5, 2019",netflix,2019,6,3053,TV Show,0,1,1,0,0,0,0,NA,NA
Sonic X,Japan,"April 15, 2021",netflix,2003,6.2,4791,TV Show,1,0,0,0,0,0,0,NA,NA
Incomplete,India,"April 8, 2017",netflix,2017,5.4,172,Movie,0,0,1,0,0,0,0,7253273.626323271,6042820.86525872
God Eater,Japan,"July 15, 2019",netflix,2015,6.9,2041,TV Show,1,0,0,0,0,1,0,NA,NA
Mystic Whispers,Singapore,"July 1, 2017",netflix,2014,6.9,17,TV Show,0,1,0,0,1,0,0,NA,NA
The Promised Neverland,Japan,"September 1, 2020",netflix,2019,8.3,37356,TV Show,1,0,0,0,0,0,0,NA,NA
Zak Storm,United States,"September 13, 2018",netflix,2016,6.6,181,TV Show,1,0,0,0,0,0,0,NA,NA
So Not Worth It,NA,"June 18, 2021",netflix,2021,7,1142,TV Show,0,1,1,0,0,0,0,NA,NA
I Called Him Morgan,Sweden,"July 24, 2017",netflix,2016,7.3,1843,Movie,0,0,1,0,0,0,0,6802808.157858236,10954191.676490184
Naked,United States,"August 11, 2017",netflix,2017,7.3,17,Movie,0,0,1,0,0,0,0,6911366.596356251,16101104.25187213
Flower Girl,Nigeria,"July 29, 2021",netflix,2013,6,109,Movie,0,1,0,0,1,0,0,7561359.712560622,16886223.895674575
The After Party,United States,"August 24, 2018",netflix,2018,5.8,4470,Movie,0,1,0,0,0,0,0,10716701.750014864,14518992.907236267
Rebelde,Mexico,"December 31, 2017",netflix,2004,6.8,5757,TV Show,0,1,1,0,0,0,0,NA,NA
Radium Girls,United States,"January 16, 2021",netflix,2018,6.2,1921,Movie,0,0,1,0,0,0,0,9409150.126224022,8321553.950632161
Record of Youth,South Korea,"September 8, 2020",netflix,2020,7.2,2531,TV Show,0,0,1,0,1,0,0,NA,NA
Father of the Year,United States,"July 20, 2018",netflix,2018,5.2,11693,Movie,0,1,0,0,0,0,0,11650259.362255266,12028265.550643576
SDU: Sex Duties Unit,Hong Kong,"December 1, 2018",netflix,2013,5.9,505,Movie,1,1,0,0,0,0,0,10319149.472927146,21647017.89894002
Karkar,Egypt,"May 19, 2020",netflix,2007,3.4,447,Movie,0,1,1,0,0,0,0,14186662.869219154,31379529.77723056
The Stanford Prison Experiment,United States,"June 17, 2017",netflix,2015,6.8,42932,Movie,0,0,1,0,0,0,0,17359810.3464599,643557
Reality Z,Brazil,"June 10, 2020",netflix,2020,5.6,2560,TV Show,0,1,0,1,0,0,0,NA,NA
The Lost Husband,United States,"August 10, 2020",netflix,2020,6.1,4904,Movie,0,0,1,0,1,0,0,8332827.530783278,5523713.0577413365
Dracula,United Kingdom,"January 4, 2020",netflix,2020,6.8,47995,TV Show,1,0,1,0,0,0,0,NA,NA
Uriyadi 2,India,"August 2, 2019",netflix,2019,7,903,Movie,1,0,0,0,0,0,1,11009615.799575223,37721449.38437659
Seven Pounds,United States,"July 1, 2021",netflix,2008,7.6,302793,Movie,0,0,1,0,0,0,0,55000000,168167691
Jojo's World,Taiwan,"December 21, 2018",netflix,2017,7.1,45,TV Show,0,0,1,0,1,0,0,NA,NA
Same Kind of Different as Me,United States,"September 1, 2021",netflix,2017,6.6,8229,Movie,0,0,1,0,0,0,0,10119122.89081824,11856371.560053062
Class of '61,United States,"April 1, 2018",netflix,1993,5.5,443,Movie,1,0,1,0,0,0,0,12967949.466805503,14828870.799733544
Kill Ratio,United States,"February 17, 2017",netflix,2016,4,961,Movie,1,0,0,0,0,0,0,10921752.42525708,33544713.222683873
Mandi,India,"January 1, 2020",netflix,1983,7.5,867,Movie,0,1,1,0,0,0,0,6644056.047762642,20019479.05034299
Wind River,United Kingdom,"August 28, 2021",netflix,2017,7.7,250444,Movie,0,0,1,0,0,0,0,11000000,184770205
My Sister's Keeper,United States,"September 1, 2019",netflix,2009,7.3,93820,Movie,0,0,1,0,0,0,0,30000000,95714875
Posesif,Indonesia,"January 1, 2020",netflix,2017,7.3,945,Movie,0,1,1,0,1,0,0,5104951.39464839,15121953.522651063
Delhi Belly,India,"April 17, 2021",netflix,2011,7.5,30279,Movie,1,1,0,0,0,0,0,4090000,18035000
No Reservations,United States,"October 1, 2019",netflix,2007,6.3,75421,Movie,0,1,1,0,1,0,0,28000000,92601050
Becoming Jane,United Kingdom,"January 12, 2019",netflix,2007,7,62183,Movie,0,0,1,0,1,0,0,16500000,37311672
War Horse,United States,"May 6, 2019",netflix,2011,7.2,157724,Movie,1,0,1,0,0,0,0,66000000,177584879
The King: Eternal Monarch,South Korea,"April 18, 2020",netflix,2020,8.1,11657,TV Show,0,0,0,0,1,0,0,NA,NA
Locust,Russia,"August 1, 2017",netflix,2014,6.3,30,TV Show,0,0,1,0,0,0,0,NA,NA
Christopher Robin,United States,"March 5, 2019",netflix,2018,7.2,78059,Movie,0,1,1,0,0,0,0,32243602.637931492,81898435.31012617
Leap Year,United States,"November 15, 2019",netflix,2010,6.4,104657,Movie,0,1,0,0,1,0,0,19000000,29922472
Jaan-E-Mann: Let's Fall in Love... Again,India,"December 31, 2019",netflix,2006,6.1,8755,Movie,0,1,1,0,0,0,0,12209115.074136753,22358306.549718697
Tarung Sarung,Indonesia,"December 31, 2020",netflix,2020,6,205,Movie,1,0,1,0,0,0,0,22254585.918859355,48160923.36896757
Friend Request,Germany,"April 18, 2018",netflix,2016,5.2,26465,Movie,0,0,0,1,0,0,1,9900000,2400000
Men in Black,United States,"October 19, 2019",netflix,1997,7.3,565696,Movie,1,1,0,0,0,0,0,90000000,589390539
Wyatt Earp,United States,"January 1, 2020",netflix,1994,6.7,51421,Movie,1,0,0,0,0,0,0,63000000,25052000
Beauty and the Bestie,Philippines,"February 27, 2019",netflix,2015,4.7,306,Movie,1,1,1,0,0,0,0,8582836.420854205,19709847.96354595
All Light Will End,United States,"February 2, 2019",netflix,2018,3.9,2019,Movie,0,0,0,1,0,0,0,8905208.785369447,28792620.80148489
Girls und Panzer,Japan,"December 15, 2019",netflix,2012,7.4,1252,TV Show,1,1,0,0,0,0,0,NA,NA
4th Man Out,United States,"May 5, 2016",netflix,2015,6.7,10395,Movie,0,1,1,0,0,0,0,6659899.040309287,6919734.869447191
The Break-Up,United States,"July 16, 2019",netflix,2006,5.8,133091,Movie,0,1,1,0,1,0,0,52000000,204999686
Mythily Veendum Varunnu,India,"August 1, 2018",netflix,2017,2.3,53,Movie,0,0,0,1,0,0,0,8361732.344583077,21998278.892966855
Shelter,United States,"December 29, 2017",netflix,2010,9,18,Movie,0,0,1,0,0,0,0,36255730.81526572,149893410.09188434
Tusk,United States,"July 24, 2018",netflix,2014,5.3,54093,Movie,0,1,0,1,0,0,0,2800000,1826705
Glitch Techs,United States,"August 17, 2020",netflix,2020,7.7,1487,TV Show,1,0,0,0,0,0,0,NA,NA
Twinsanity,United States,"March 15, 2019",netflix,2018,4,466,Movie,0,0,0,1,0,0,1,9739532.989486068,19288050.241586156
The Ingenuity of the Househusband,NA,"August 29, 2021",netflix,2021,6.7,450,TV Show,0,1,0,0,0,0,0,NA,NA
The Eyes of My Mother,United States,"April 6, 2017",netflix,2016,6.2,13005,Movie,0,0,1,1,0,0,1,9131046.409707518,11139853.281138418
Patriot Games,United States,"January 1, 2020",netflix,1992,6.8,112669,Movie,1,0,0,0,0,0,1,45000000,178051587
Incorruptible,United States,"September 1, 2017",netflix,2015,6,110,Movie,1,0,0,0,0,0,0,7097264.210021677,21591948.806649562
Wrong Kind of Black,Australia,"November 6, 2020",netflix,2018,7.9,155,TV Show,0,1,1,0,0,0,0,NA,NA
Westerplatte Resists,Poland,"October 1, 2019",netflix,1967,7,520,Movie,0,0,1,0,0,0,0,9539216.255476167,22455594.442134053
Gook,United States,"March 6, 2018",netflix,2017,7,2616,Movie,0,0,1,0,0,0,0,5620603.951935538,9772693.383420907
Guru,India,"March 1, 2018",netflix,2007,7.7,23958,Movie,0,0,1,0,0,0,0,4700000,31000000
Æon Flux,United States,"February 1, 2018",netflix,2005,5.4,128806,Movie,1,0,0,0,0,1,0,62000000,52304001
Gabbar Is Back,India,"July 5, 2020",netflix,2015,7.1,25262,Movie,1,0,1,0,0,0,0,11000000,41000000
A Very Country Christmas,United States,"November 15, 2020",netflix,2017,6,1673,Movie,0,1,1,0,1,0,0,7628113.080142515,9088180.079671798
The I-Land,United States,"September 12, 2019",netflix,2019,4.6,17751,TV Show,0,0,1,0,0,0,0,NA,NA
Abla Fahita: Drama Queen,Egypt,"March 15, 2021",netflix,2021,6.5,449,TV Show,0,1,1,0,0,0,0,NA,NA
Burning,South Korea,"April 29, 2019",netflix,2018,7.5,64601,Movie,0,0,1,0,0,0,1,14794324.202826278,23921224.673473444
La Révolution,France,"October 16, 2020",netflix,2020,6.6,5725,TV Show,1,0,1,0,0,0,0,NA,NA
Lifeline,Hong Kong,"August 16, 2018",netflix,1997,6.7,713,Movie,1,0,1,0,0,0,0,11292501.494059814,16355136.993980367
The Desert Bride,Argentina,"November 8, 2018",netflix,2017,6.5,671,Movie,0,0,1,0,0,0,0,6956891.682146371,6994076.825620498
Malicious,United States,"February 1, 2019",netflix,2018,5,3979,Movie,0,0,0,1,0,0,1,8492618.36664652,15136693.058731526
Pad Man,India,"August 21, 2018",netflix,2018,7.9,26328,Movie,0,1,1,0,0,0,0,17040899.76336723,42931959.69528863
Holly Star,United States,"November 1, 2019",netflix,2018,5.2,652,Movie,0,1,0,0,0,0,0,8356447.281344472,11914817.496899841
One Night Stand,India,"October 15, 2017",netflix,2016,3.1,1318,Movie,0,0,1,0,1,0,0,10171775.13420813,18886873.04354162
Brother,France,"November 22, 2019",netflix,2019,8.6,24,Movie,0,0,1,0,0,0,0,12536827.547608387,51271907.35225243
To the Bone,United States,"July 14, 2017",netflix,2017,6.8,49702,Movie,0,0,1,0,0,0,0,13283825.667362053,15331594.326518679
Lez Bomb,United States,"February 7, 2019",netflix,2018,5.2,1396,Movie,0,1,1,0,0,0,0,7532267.787983611,8175739.230303597
Bad Day for the Cut,United Kingdom,"January 18, 2018",netflix,2017,6.5,8268,Movie,1,0,1,0,0,0,0,12020034.657018766,20560854.88986833
The Society,United States,"May 10, 2019",netflix,2019,7.1,30029,TV Show,0,0,1,0,0,1,0,NA,NA
Fracture,United States,"April 1, 2019",netflix,2007,7.2,205974,Movie,0,0,1,0,0,0,1,35962600.43506818,91354215
Vaya,South Africa,"November 1, 2018",netflix,2016,7.1,116,Movie,0,0,1,0,0,0,0,4046245.139063662,6670650.335934817
The Forest,United States,"February 16, 2020",netflix,2016,4.8,42968,Movie,0,0,0,1,0,0,1,10000000,40055439
The Wedding Curse,Philippines,"March 21, 2019",netflix,2006,6.1,570,Movie,0,0,1,1,0,0,1,7146049.956176095,16440722.25632278
Inception,United States,"August 1, 2021",netflix,2010,8.8,2322544,Movie,1,0,0,0,0,1,0,160000000,825532764
The Charming Stepmom,NA,"November 29, 2019",netflix,2019,7.8,20,TV Show,0,1,0,0,1,0,0,NA,NA
World at Your Feet,Singapore,"July 1, 2017",netflix,2014,5,7,TV Show,0,0,1,0,0,0,0,NA,NA
The Endless Trench,Spain,"November 6, 2020",netflix,2019,7.2,6545,Movie,0,0,1,0,0,0,1,12964531.948187666,17006744.16291146
Shark Night,United States,"November 2, 2019",netflix,2011,4,26230,Movie,0,0,0,1,0,0,1,28000000,10126458
The Last Thing He Wanted,United States,"February 21, 2020",netflix,2020,4.3,15520,Movie,0,0,1,0,0,0,1,13031331.262808507,12914067.960204804
Free to Play,United States,"April 19, 2021",netflix,2014,7.6,13389,Movie,1,0,0,0,0,0,0,150000,25381194.03664056
Fools Rush In,United States,"June 2, 2021",netflix,1997,6.1,36101,Movie,0,1,1,0,1,0,0,22396022.865266528,29481428
La Piloto,Mexico,"April 2, 2018",netflix,2017,5.6,304,TV Show,0,0,1,0,0,0,0,NA,NA
The Devil Is a Part-Timer!,Japan,"April 1, 2019",netflix,2013,7.6,7208,TV Show,1,1,0,0,0,0,0,NA,NA
12 Years Promise,South Korea,"May 22, 2017",netflix,2014,7.3,183,TV Show,0,1,1,0,1,0,0,NA,NA
Strange Weather,United States,"October 26, 2017",netflix,2016,6,1612,Movie,0,0,1,0,0,0,0,5974200.038400235,4863167.191779298
Family Blood,United States,"May 5, 2018",netflix,2018,4.2,3041,Movie,0,0,1,1,0,0,1,9580394.613837209,18238932.96524828
Soorma,India,"October 13, 2018",netflix,2018,7.3,5300,Movie,0,0,1,0,0,0,0,14372767.067779696,23261605.2159443
Blazing Transfer Students,Japan,"November 10, 2017",netflix,2017,6.9,123,TV Show,1,1,0,0,0,0,0,NA,NA
The Lost Pirate Kingdom,United States,"March 15, 2021",netflix,2021,6.6,2894,TV Show,0,0,1,0,0,0,0,NA,NA
My Stupid Boss,Indonesia,"April 23, 2020",netflix,2016,7.1,1583,Movie,0,1,0,0,0,0,0,7344542.347181386,14189608.921033004
Katti Batti,India,"November 1, 2018",netflix,2015,4.7,3191,Movie,0,1,1,0,1,0,0,7970676.483676517,12472722.03089602
Naughty Jatts,India,"October 1, 2018",netflix,2013,6.2,226,Movie,0,1,0,0,0,0,0,7438357.263598617,12510578.175580539
Lalbaug Parel: Zali Mumbai Sonyachi,India,"March 15, 2018",netflix,2010,7.3,335,Movie,1,0,0,0,0,0,0,9363592.841127574,28753227.287632737
Ferris Bueller's Day Off,United States,"August 1, 2021",netflix,1986,7.8,356830,Movie,0,1,0,0,0,0,0,6000000,70136369
My Birthday Song,India,"July 1, 2018",netflix,2018,5.5,290,Movie,0,0,0,0,0,0,1,7277635.022709844,16002923.144222207
Warrior,Denmark,"November 13, 2018",netflix,2018,7.8,25,TV Show,0,0,1,0,0,0,0,NA,NA
The Gospel of John,United Kingdom,"October 20, 2018",netflix,2014,7.8,931,Movie,0,0,1,0,0,0,0,4173338.425433506,12779954.558983965
Power Rangers Dino Fury,United States,"June 15, 2021",netflix,2021,6.8,578,TV Show,1,1,0,0,0,0,0,NA,NA
The Blue Lagoon,United States,"September 1, 2021",netflix,1980,5.8,70674,Movie,0,0,1,0,1,0,0,4500000,58853106
My Friend Pinto,India,"October 1, 2018",netflix,2011,5.3,396,Movie,0,1,1,0,0,0,0,8341661.5230929125,12365112.90357485
Felon,United States,"June 2, 2021",netflix,2008,7.4,78923,Movie,0,0,0,0,0,0,1,2900000,35174900.918730706
Over Christmas,Germany,"November 27, 2020",netflix,2020,6.7,2144,TV Show,0,1,1,0,1,0,0,NA,NA
Wish I Was Here,United States,"August 16, 2018",netflix,2014,6.6,38258,Movie,0,1,1,0,0,0,0,5500000,5483299
The Legend of Bhagat Singh,India,"October 12, 2020",netflix,2002,8.2,16530,Movie,1,0,1,0,0,0,0,3000000,6000000
Frequency,United States,"September 4, 2017",netflix,2016,7.5,13875,TV Show,0,0,1,0,0,0,0,NA,NA
The Karate Kid Part II,United States,"July 1, 2021",netflix,1986,6.1,90726,Movie,1,0,0,0,0,0,0,113,115103979
Andhadhun,India,"December 16, 2018",netflix,2018,8.2,92562,Movie,0,1,0,0,0,0,0,22434534.856289335,74210503.65928096
Uma Maheswara Ugra Roopasya,India,"July 30, 2020",netflix,2020,7.6,1683,Movie,0,0,1,0,0,0,0,5470678.754618613,16317233.070685217
Spanish Affair 2,Spain,"November 1, 2016",netflix,2015,5.3,7350,Movie,0,1,0,0,1,0,0,4500000,12160587.386738623
Haraamkhor,India,"February 1, 2017",netflix,2015,6.3,4175,Movie,0,0,1,0,1,0,0,6525384.31041675,5255322.98216419
The Lovers,United States,"November 5, 2019",netflix,2017,6.1,3888,Movie,0,1,1,0,1,0,0,8812403.756264756,214078
Mind Game,Singapore,"June 1, 2017",netflix,2015,7.1,15,TV Show,1,0,1,0,0,0,0,NA,NA
Burlesque,United States,"December 16, 2019",netflix,2010,6.4,86385,Movie,0,0,1,0,0,0,0,55000000,89519773
Gimme Shelter,United States,"January 1, 2021",netflix,2013,6.4,8919,Movie,0,0,1,0,0,0,0,7500000,1359910
Heaven Without People,Lebanon,"May 15, 2020",netflix,2017,7.6,1275,Movie,0,0,1,0,0,0,0,5269114.747777367,15688688.23250277
Die Another Day,United Kingdom,"December 31, 2019",netflix,2002,6.1,219641,Movie,1,0,0,0,0,0,1,140000000,431971116
Secrets in the Hot Spring,Taiwan,"December 31, 2018",netflix,2018,6,814,Movie,0,1,0,1,0,0,0,6189582.149146599,13709156.12819452
My Love: Six Stories of True Love,United States,"April 13, 2021",netflix,2021,7.5,300,TV Show,0,0,0,0,1,0,0,NA,NA
The Case for Christ,United States,"November 21, 2017",netflix,2017,6.2,9240,Movie,0,0,1,0,0,0,0,9698702.156183196,12490016.667491982
5 Cowok Jagoan,NA,"January 5, 2019",netflix,2017,6.6,34,Movie,1,1,0,0,0,0,0,12774896.24673469,29305743.86684191
Pui Pui Molcar,Japan,"March 25, 2021",netflix,2021,8.1,399,TV Show,0,1,0,0,0,0,0,NA,NA
Hokkabaz,Turkey,"March 10, 2017",netflix,2006,7.4,32827,Movie,0,1,1,0,0,0,0,7274526.771645399,21320104.994316243
A Classic Horror Story,Italy,"July 14, 2021",netflix,2021,5.7,18332,Movie,0,0,1,1,0,0,0,11203107.320673047,14948850.227971543
Gabby's Dollhouse,United States,"August 10, 2021",netflix,2021,7.2,431,TV Show,0,1,0,0,0,0,0,NA,NA
The Wedding Party,Nigeria,"April 15, 2017",netflix,2016,4.8,218,Movie,0,1,0,0,1,0,0,8943407.18698498,13652081.675261106
Ni de coña,Spain,"March 26, 2021",netflix,2020,2.8,404,Movie,0,1,0,0,0,0,0,9978696.370724222,21376110.700749405
Pimpal,India,"November 15, 2018",netflix,2017,7.6,179,Movie,0,0,1,0,0,0,0,5075778.796543154,15443142.427404188
The Devil Inside,United States,"November 20, 2019",netflix,2012,4.2,36153,Movie,0,0,0,1,0,0,0,1000000,101758490
School Life,France,"April 10, 2020",netflix,2019,6.5,2764,Movie,0,1,1,0,0,0,0,8036007.559284828,7489874.403359402
Mirror Mirror,United States,"April 24, 2020",netflix,2012,5.6,88072,Movie,0,1,1,0,0,0,0,85000000,183018522
The CEO,Nigeria,"September 1, 2019",netflix,2016,9.2,9,Movie,0,1,0,0,0,0,0,19583839.610946674,111340253.60382332
Kid Kulafu,Philippines,"March 4, 2019",netflix,2015,6.9,440,Movie,0,0,1,0,0,0,0,11052828.726853345,20536715.522558957
Killing Them Softly,United States,"June 28, 2021",netflix,2012,6.2,144765,Movie,0,0,1,0,0,0,1,15000000,37930465
The Book of Henry,United States,"July 16, 2021",netflix,2017,6.5,27658,Movie,0,0,1,0,0,0,1,10000000,4219536
Furie,Vietnam,"September 25, 2019",netflix,2019,5.7,2839,Movie,0,0,1,1,0,0,1,8285714.969291343,12342653.159480164
PhotoCopy,India,"September 10, 2020",netflix,2016,6.5,60,Movie,0,0,0,0,1,0,0,7620030.31752814,13781664.091703078
The Great Train Robbery,United Kingdom,"March 31, 2017",netflix,2013,7.3,4274,TV Show,0,0,1,0,0,0,0,NA,NA
Mr. Woodcock,United States,"September 1, 2019",netflix,2007,5.2,36206,Movie,0,1,0,0,1,0,0,22000000,49265648.20278807
Bathinda Express,India,"October 1, 2018",netflix,2016,5.9,11,Movie,0,0,1,0,0,0,0,6001049.53459156,4698163.769759137
Wish Man,United States,"December 3, 2019",netflix,2019,6.9,2261,Movie,0,0,1,0,0,0,0,13608659.52837801,32441655.098169114
III Smoking Barrels,India,"June 1, 2019",netflix,2017,6.6,126,Movie,0,0,1,0,0,0,0,6406480.538994336,7384746.400924397
Small Soldiers,United States,"June 1, 2019",netflix,1998,6.2,99800,Movie,1,1,0,0,0,0,0,40000000,54682547
Life Ki Toh Lag Gayi,India,"December 28, 2018",netflix,2012,5.1,268,Movie,1,1,0,0,0,0,0,8695975.402792785,22396559.460283276
Settai,India,"November 1, 2018",netflix,2013,4.5,531,Movie,1,1,0,0,0,0,0,9822518.705401467,26971333.938624326
Secreto bien guardado,Argentina,"October 1, 2020",netflix,2019,4.9,200,TV Show,0,0,1,0,0,0,0,NA,NA
Kung Fu Yoga,China,"October 6, 2017",netflix,2017,5.1,10432,Movie,1,1,0,0,0,0,0,65000000,254212245
Bhavesh Joshi Superhero,India,"August 16, 2018",netflix,2018,7.6,9199,Movie,1,0,1,0,0,0,0,7641328.127049045,26802874.125636015
Summer of '92,Denmark,"July 10, 2016",netflix,2015,6.8,4473,Movie,0,1,1,0,0,0,0,8275275.4539550105,14664969.168012824
Nights in Rodanthe,United States,"July 1, 2019",netflix,2008,6,25258,Movie,0,0,1,0,1,0,0,34135826.29078389,84375061
Monsters: Dark Continent,United Kingdom,"January 10, 2020",netflix,2014,4.3,10760,Movie,1,0,1,1,0,0,0,10834824.721729765,30209529.129455738
Nails,Ireland,"March 10, 2018",netflix,2017,4.7,2607,Movie,0,0,0,1,0,0,0,8666183.81334105,26350539.819944464
One Last Thing,United States,"August 25, 2019",netflix,2018,6.4,541,Movie,0,0,1,0,0,0,0,7264707.223469651,6369425.7747155735
Sei,India,"March 25, 2019",netflix,2018,4.2,70,Movie,1,0,0,0,0,0,1,11644379.702392813,38429187.35966638
O Silêncio do Céu,Brazil,"January 25, 2017",netflix,2016,6.5,2098,Movie,0,0,1,0,0,0,1,7485641.742186223,8877132.210960073
Rumble,Mexico,"September 15, 2017",netflix,2016,7.6,13,Movie,0,0,1,0,0,0,0,9140989.012621675,24100510.71018907
Vitti Dandu,India,"July 15, 2017",netflix,2014,7.5,54,Movie,0,0,1,0,0,0,0,8716113.12707269,16794654.151264228
Sweet Virginia,United States,"December 1, 2019",netflix,2017,6.2,10900,Movie,1,0,1,0,0,0,1,11210849.560166564,19460599.936671615
Singham,India,"November 19, 2020",netflix,2011,6.8,17163,Movie,1,0,1,0,0,0,0,3062000,25034000
Ramen Shop,Singapore,"July 31, 2019",netflix,2018,6.7,2142,Movie,0,0,1,0,0,0,0,7218696.380582668,6849864.275286663
Angamaly Diaries,India,"September 5, 2021",netflix,2017,7.9,6191,Movie,1,1,0,0,0,0,1,16458314.693159176,65899853.68337619
The Mask of Zorro,United States,"January 1, 2020",netflix,1998,6.8,184595,Movie,1,1,0,0,0,0,0,95000000,250288523
The Diabolical,United States,"August 1, 2018",netflix,2015,4.7,5603,Movie,0,0,0,1,0,1,0,9491878.37689652,19742433.392043214
Kal Ho Naa Ho,India,"April 1, 2020",netflix,2003,7.9,69513,Movie,0,1,1,0,0,0,0,7578386.82828468,13200241
Dhoondte Reh Jaoge,India,"November 1, 2018",netflix,2009,5.6,840,Movie,0,1,1,0,0,0,0,7410069.990141822,11881659.481164485
Stonehearst Asylum,United States,"September 8, 2017",netflix,2014,6.8,57009,Movie,0,0,1,1,0,0,0,15699502.014199458,21599725.01702617
Bee Movie,United States,"January 1, 2017",netflix,2007,6.1,162445,Movie,0,1,0,0,0,0,0,150000000,287594577
What a Girl Wants,United States,"May 1, 2020",netflix,2003,5.8,63442,Movie,0,1,1,0,0,0,0,34451374.13834648,80263167.98661366
The Witch Files,United States,"February 1, 2019",netflix,2018,4.5,974,Movie,0,0,0,1,0,0,1,7770775.425712354,16941667.5412339
Viswasapoorvam Mansoor,India,"July 1, 2018",netflix,2017,5.9,60,Movie,0,0,1,0,0,0,0,7230802.505504584,6094776.48500925
Chaman Bahaar,India,"June 19, 2020",netflix,2020,6.9,7102,Movie,0,1,1,0,0,0,0,6655042.582934486,8372851.811452516
In Family We Trust,Thailand,"December 29, 2018",netflix,2018,8.3,456,TV Show,0,0,1,0,0,0,1,NA,NA
The Drug King,South Korea,"February 21, 2019",netflix,2018,6.2,3247,Movie,1,0,1,0,0,0,0,10007991.208080828,17093401.199186936
Naruto the Movie 2: Legend of the Stone of Gelel,Japan,"September 15, 2021",netflix,2005,6.4,4457,Movie,1,0,0,0,0,0,0,55840669.965963304,115722444.84688935
Pooja Kiven Aa,India,"October 1, 2018",netflix,2013,4.7,37,Movie,0,1,0,0,0,0,0,7324250.308394943,13720232.136479462
Kidnapping Stella,Germany,"July 12, 2019",netflix,2019,4.9,6142,Movie,0,0,0,0,0,0,1,8856323.743734589,12649443.697182158
Kaagar,India,"September 10, 2020",netflix,2019,6.2,67,Movie,0,0,1,0,0,0,0,6268887.734913945,7153817.777761881
Ghost House,Thailand,"December 31, 2017",netflix,2017,4.7,4460,Movie,0,0,0,1,0,0,1,8707711.493877983,14636378.328711703
Mumbai Delhi Mumbai,India,"July 5, 2020",netflix,2014,5.7,366,Movie,0,1,0,0,1,0,0,7508614.409818258,15141368.229643906
The Box,United States,"June 1, 2019",netflix,2009,5.6,92314,Movie,0,0,1,0,0,0,1,30000000,33333531
Scream 3,United States,"July 1, 2019",netflix,2000,5.6,143435,Movie,0,0,0,1,0,0,0,40000000,161834276
Lion's Heart,Egypt,"May 9, 2019",netflix,2013,6.6,2862,Movie,0,1,1,0,1,0,0,5694697.935678736,11449840.351699047
Bhoot,India,"December 31, 2019",netflix,2003,6.4,3748,Movie,0,0,0,1,0,0,1,11760168.438659364,29930624.72654474
Rose Island,Italy,"December 9, 2020",netflix,2020,7,21093,Movie,0,1,1,0,0,0,0,22068749.987501916,47805993.92230777
Unexpectedly Yours,Philippines,"November 26, 2020",netflix,2017,6.8,186,Movie,0,1,0,0,1,0,0,8760138.962183457,15978548.420298778
Mundina Nildana,India,"February 12, 2021",netflix,2019,6.3,372,Movie,0,1,1,0,1,0,0,7120596.470910571,8631295.646331519
Near Enemies,NA,NA,prime,2020,3.7,35,Movie,1,0,0,0,0,0,0,26474223.807322495,82194166.56756058
My Country,NA,NA,prime,2011,6.1,301,Movie,0,0,1,0,0,0,0,5282310.3146044705,6809392.803297338
Urvi,India,NA,prime,2017,6.8,260,Movie,0,0,1,0,0,0,1,6037689.4790232405,9966692.167920033
The Feed,NA,NA,prime,2019,6.3,2033,TV Show,0,0,1,0,0,1,0,NA,NA
Bastaard,NA,NA,prime,2019,6,288,Movie,0,0,0,0,0,0,1,7163078.349606453,15196306.918878967
Killer Tumbleweeds,NA,NA,prime,2008,5.2,44,Movie,0,1,0,1,0,1,0,9546596.88960761,23086042.047875464
One Night,NA,NA,prime,2021,3.4,33,Movie,0,1,1,0,1,0,0,12632384.63595939,25461490.41101471
2025 - The World enslaved by a Virus,NA,NA,prime,2021,1.1,1867,Movie,0,0,0,0,0,1,0,27722601.064632267,65670328.313848265
Three Guys Named Mike,NA,NA,prime,1951,6.2,780,Movie,0,1,0,0,1,0,0,7455787.080389154,41686973.634761155
The Groomsmen,NA,NA,prime,2006,6.1,4574,Movie,0,1,1,0,0,0,0,10101944.65059088,17383932.938670833
The Iron Lady,United Kingdom,NA,prime,2011,6.4,109683,Movie,0,0,1,0,0,0,0,13000000,114956699
Pal Joey,NA,NA,prime,1957,6.6,5479,Movie,0,0,1,0,1,0,0,8981087.946963115,46461004.640532255
24 Hours to Live,South Africa,NA,prime,2017,5.8,14712,Movie,1,0,0,0,0,1,1,25443312.370663594,65034278.43283253
The Asian Connection,United States,NA,prime,2016,3.2,1838,Movie,1,0,1,0,0,0,0,11437772.078089014,22842101.907907963
SpongeBob DocuPants,NA,NA,prime,2020,8.4,88,TV Show,0,1,0,0,0,0,0,NA,NA
Nine Lives,NA,NA,prime,2004,5.3,399,Movie,0,0,1,0,1,0,0,8272391.779820881,11610858.557928238
Road Dogz,NA,NA,prime,2002,5.4,323,Movie,0,0,1,0,0,0,0,8645989.63323262,11772148.548111893
Crawl,United States,NA,prime,2011,4.6,1277,Movie,0,0,0,0,0,0,1,7992962.044942575,18467505.098343126
Forever,United States,NA,prime,2018,7.1,6715,TV Show,0,1,1,0,0,0,0,NA,NA
A Man Possessed,NA,NA,prime,2016,4.2,27,Movie,0,0,1,0,0,0,0,7530470.523438054,12107356.680914048
RiffTrax Live: Time Chasers,NA,NA,prime,2016,7.4,203,Movie,0,0,0,0,0,1,0,13356511.31156919,34063436.2346816
Street Dancer 3D,United Kingdom,NA,prime,2020,3.6,7752,Movie,0,0,1,0,0,0,0,12110569.563105535,24135544.99493839
John Tucker Must Die,NA,NA,prime,2006,5.7,84353,Movie,0,1,0,0,1,0,0,18000000,41009669
Top Five,United States,NA,prime,2014,6.4,26831,Movie,0,1,0,0,1,0,0,14358545.679385597,25434291
Terror at Bigfoot Pond,NA,NA,prime,2020,1.2,146,Movie,0,0,0,0,0,0,1,8522536.893130932,25951728.376464225
Mere Dad Ki Maruti,India,NA,prime,2013,6.4,4817,Movie,0,1,1,0,1,0,0,5928067.455588961,11189359.525070362
Vaayai Moodi Pesavum,NA,NA,prime,2014,6.7,1812,Movie,0,1,1,0,1,0,0,5337250.812291819,10220125.404988486
Too Close to Home,NA,NA,prime,1997,6.2,349,Movie,0,0,1,0,0,0,1,8434340.180578038,12367017.407106625
Fools Rush In,United States,NA,prime,1997,6.1,36101,Movie,0,1,1,0,1,0,0,22396022.865266528,29481428
Annai,NA,NA,prime,1962,5.1,9,Movie,0,0,1,0,0,0,0,5914236.663449336,17841554.0845225
Our Town,NA,NA,prime,1940,6.5,2674,Movie,0,0,1,0,1,0,0,10682266.872202108,43261870.62303945
Choosi Choodangaane,NA,NA,prime,2020,6.3,157,Movie,0,0,0,0,1,0,0,8142470.802835063,13538641.630592763
Merise Merise,NA,NA,prime,2021,7,705,Movie,0,0,0,0,1,0,0,8961465.01755201,18944383.566579238
Sunday Mornings,NA,NA,prime,2021,6.3,106,Movie,0,1,1,0,0,0,0,9441194.865423022,19166929.17081938
Summer Night,United States,NA,prime,2019,4.8,1004,Movie,0,1,1,0,0,0,0,7888253.122296037,10280079.753512783
Dangerous Afternoon,NA,NA,prime,1961,6.2,180,Movie,0,0,1,0,0,0,0,4825701.760751199,18375562.96733051
All About Steve,NA,NA,prime,2009,4.8,42384,Movie,0,1,0,0,1,0,0,15000000,40105542
The Naked Truth,NA,NA,prime,1992,3.6,1357,Movie,0,1,0,0,0,0,0,12297364.502264727,19944461.52913982
The Mission,NA,NA,prime,2021,7.7,9,Movie,1,0,0,0,0,0,0,93964422.24759886,283831289.8672618
Arsenal,NA,NA,prime,2017,4,4604,Movie,1,0,0,0,0,0,1,10000000,36247122.165977225
Half Serious,NA,NA,prime,2013,5,26,Movie,0,1,1,0,0,0,0,10213075.781111984,25504560.550443284
Rangasthalam,India,NA,prime,2018,8.2,24712,Movie,1,0,1,0,0,0,0,19673835.022122238,66170424.4230617
Kaal,India,NA,prime,2005,4.7,5451,Movie,0,0,0,1,0,0,0,19854085.316221304,57528679.15915432
Dear Mr. Gacy,NA,NA,prime,2010,6.4,3661,Movie,0,0,1,0,0,0,1,7779859.436753445,15640334.569909
Theri,India,NA,prime,2016,7.3,20293,Movie,1,0,0,0,0,0,1,10433358.585645484,28571487.296185307
Daydream Believers: The Monkees Story,NA,NA,prime,2000,6,920,Movie,0,0,1,0,0,0,0,11346471.622942548,18906859.349274427
Land of the Lustrous,NA,NA,prime,2017,7.9,1601,TV Show,1,0,0,0,0,0,0,NA,NA
Bheemasena Nalamaharaja,NA,NA,prime,2020,6.8,726,Movie,0,0,1,0,0,0,0,6013643.486500667,7389678.635648853
The Zookeeper,Denmark,NA,prime,2001,6.8,4301,Movie,0,0,1,0,0,0,0,14283185.866570432,14455054.298930332
Oklahoma Crude,NA,NA,prime,1973,6.3,1347,Movie,0,1,1,0,0,0,0,6861635.743157128,24587713.128266986
Apology for Murder,NA,NA,prime,1945,5.7,356,Movie,0,0,1,0,0,0,0,4630366.944047252,28426830.380208906
Once Upon a Time in the Apocalypse,NA,NA,prime,2021,3.5,85,Movie,1,0,0,0,0,0,0,24645788.0700653,80724424.60583515
The Legend of Xiao Chuo,NA,NA,prime,2020,8.8,27,TV Show,0,0,1,0,1,0,0,NA,NA
Kacche Dhaagey,India,NA,prime,2016,6.3,8,Movie,0,0,1,0,0,0,0,5710914.240864875,5356709.375977197
Wonder Man,NA,NA,prime,1945,6.9,2284,Movie,0,1,0,0,0,0,0,7459128.869889381,55271529.16541547
"Love, Kennedy",United States,NA,prime,2017,6.5,602,Movie,0,0,1,0,0,0,0,6927859.489346371,6994076.825620498
Wonder Balls,NA,NA,prime,2015,9,14,TV Show,0,1,0,0,0,0,0,NA,NA
Cheers of the Crowd,NA,NA,prime,1935,5.4,36,Movie,0,0,1,0,0,0,0,5583704.798313494,29735194.780148257
Jarugandi,NA,NA,prime,2018,5.4,153,Movie,1,1,1,0,0,0,0,10477186.30733457,21875704.99633561
Fan,India,NA,prime,2016,6.9,46024,Movie,1,0,1,0,0,0,1,16000000,29251596
Muklawa,India,NA,prime,2019,6.1,556,Movie,0,0,1,0,0,0,0,6845457.992503291,6022754.672492863
Social Animals,United States,NA,prime,2018,5.3,1889,Movie,0,1,0,0,0,0,0,8688743.480891403,11587859.801191507
Madness in the Method,NA,NA,prime,2019,5.6,2252,Movie,0,1,0,0,0,0,0,9643556.473721586,12692654.264475854
Kill Chain,NA,NA,prime,2019,5,4873,Movie,1,0,0,0,0,0,1,11662013.202395866,42791808.687367514
Coming Out,NA,NA,prime,2016,7.9,8,Movie,0,0,1,0,0,0,0,7410518.974193809,19464914.322562464
An Inspector Calls,NA,NA,prime,2015,7.6,13797,Movie,0,0,1,0,0,0,0,8603926.47889008,18067086.602275874
Arthur & Merlin: Knights of Camelot,NA,NA,prime,2020,3.3,6031,Movie,1,0,0,0,0,0,0,24820803.077261873,77023084.66595761
Caim,NA,NA,prime,2021,5.9,14,Movie,0,0,1,0,0,0,1,9434241.347358493,9863578.544268852
Hightown,NA,NA,prime,2020,6.8,5290,TV Show,0,0,1,0,0,0,0,NA,NA
The Donkey King,NA,NA,prime,2020,5,234,Movie,0,1,0,0,0,0,0,33292050.96918306,90485947.16985849
Comicstaan Semma Comedy Pa,India,NA,prime,2020,6.9,162,TV Show,0,1,0,0,0,0,0,NA,NA
Nagina,NA,NA,prime,1986,6.4,1057,Movie,0,0,0,0,1,0,0,7786705.967967256,20672018.82248944
Quilombo,NA,NA,prime,1984,6.5,466,Movie,0,0,1,0,0,0,0,7870178.917279441,14928841.246847682
Insta Famous,NA,NA,prime,2021,2.9,35,Movie,0,1,0,0,0,0,0,9978696.370724222,21376110.700749405
Fort Bliss,NA,NA,prime,2014,6.4,3290,Movie,0,0,1,0,0,0,0,13960542.437232414,8368594.763424255
Clockwise,NA,NA,prime,1986,6.6,12926,Movie,0,1,0,0,0,0,0,9700845.983623076,21144869.236343432
The Bygone,United States,NA,prime,2019,5.7,3681,Movie,0,0,1,0,0,0,0,9864575.634186028,8922293.292133285
Jiang Ziya,NA,NA,prime,2020,6.5,1867,Movie,1,0,0,0,0,0,0,65279262.148914255,147743622.0606527
The Competition,United States,NA,prime,1980,6.6,2452,Movie,0,0,1,0,1,0,0,8043296.197580324,28755981.185698
Saleslady,NA,NA,prime,1938,5.4,167,Movie,0,1,1,0,1,0,0,8417750.015994847,35331736.41770098
Urvi,India,NA,prime,2017,6.8,260,Movie,0,0,1,0,0,0,1,6037689.4790232405,9966692.167920033
Silent Cries,NA,NA,prime,1993,6.2,166,Movie,0,0,1,0,0,0,0,15981034.05182466,17722463.389111478
Thotti Jaya,NA,NA,prime,2005,6.2,627,Movie,0,0,0,0,0,0,1,7640175.662937698,17336030.637927722
Ephraim's Rescue,NA,NA,prime,2013,5.7,883,Movie,0,0,1,0,0,0,0,17101906.29094032,31529605.181367237
Sideboob,NA,NA,prime,2018,4.3,32,Movie,0,1,0,0,0,0,0,9425874.477179779,14393354.103881977
Diana: Her True Story,NA,NA,prime,1993,4.8,218,Movie,0,0,1,0,0,0,0,12776723.696090896,19363590.453042127
Phoo Action,NA,NA,prime,2008,4.8,208,Movie,1,1,1,0,0,0,0,9001201.1618986,15085284.314895822
The Scoundrels,NA,NA,prime,2018,6.6,330,Movie,1,0,0,0,0,0,0,13176749.242430223,34480030.73282366
Domino,Denmark,NA,prime,2019,4.5,5956,Movie,1,0,0,0,0,0,1,11328655.046939854,36033176.17986786
Secret Lives,NA,NA,prime,2005,4.8,228,Movie,0,0,1,0,0,0,0,11161660.971472932,12694594.153559715
Mikey,NA,NA,prime,1992,5.6,2849,Movie,0,0,0,1,0,0,1,8292045.642728736,20605268.888196025
Dark Disciple,NA,NA,prime,2016,3.2,113,Movie,0,0,0,0,0,0,1,7743854.959841299,22854766.445894074
True Grit,United States,NA,prime,1969,7.4,47799,Movie,0,0,1,0,0,0,0,10339443.432102349,14250000
Murder on the Orient Express,NA,NA,prime,1974,7.3,62650,Movie,0,0,1,0,0,0,0,8903782.603579007,27634716
Stormy Weathers,NA,NA,prime,1992,5.6,189,Movie,1,0,0,0,0,0,0,23515214.347535886,55323627.97800939
New Year's Evil,NA,NA,prime,1980,4.8,3218,Movie,0,0,0,1,0,0,1,6220258.362069541,21496347.672531296
Ek Baar Kaho,NA,NA,prime,1980,6.8,56,Movie,0,0,1,0,1,0,0,8741535.676146416,31284937.515620418
Hearts in Bondage,NA,NA,prime,1936,5.6,213,Movie,0,0,1,0,1,0,0,11598349.815428698,33010242.918968312
Furious Road,NA,NA,prime,2014,3.1,100,Movie,1,0,0,0,0,0,0,10388026.113647925,37997407.34021331
The A-Team,NA,NA,prime,2010,6.7,259204,Movie,1,0,0,0,0,0,1,110000000,177238796
Bob Funk,NA,NA,prime,2009,5,932,Movie,0,1,1,0,0,0,0,8205906.23113202,12892730.781650651
Same Kind of Different as Me,United States,NA,prime,2017,6.6,8229,Movie,0,0,1,0,0,0,0,10119122.89081824,11856371.560053062
Love Contractually,NA,NA,prime,2017,4.9,202,Movie,0,1,1,0,1,0,0,8240474.897690142,11478327.902851293
The Handmaiden,NA,NA,prime,2016,8.1,145574,Movie,0,0,1,0,1,0,1,8575000,1983204
22 Bullets,NA,NA,prime,2010,6.6,35011,Movie,1,0,1,0,0,0,0,24000000,37975245.289761014
David's Mother,United States,"April 1, 2021",prime,1994,6.3,335,Movie,0,0,1,0,0,0,0,9281528.958478812,10738071.809955953
Sharing the Secret,United States,NA,prime,2000,6.3,997,Movie,0,0,1,0,0,0,0,6681145.046249194,8485130.846172128
10.0 Earthquake,United States,NA,prime,2014,3.5,2346,Movie,1,0,1,0,0,0,0,16353440.965797488,43758784.6891698
The Torture Chamber of Dr. Sadism,NA,NA,prime,1967,5.9,2084,Movie,0,0,0,1,0,0,0,4821102.80572596,33615993.915490955
Ballast,NA,NA,prime,2008,6.9,2372,Movie,0,0,1,0,0,0,0,4964899.647733284,9119918.426816816
Confessions of an American Bride,NA,NA,prime,2005,4.9,1140,Movie,0,1,0,0,1,0,0,11327993.652118158,24043926.27589918
60 Vayadu Maaniram,NA,NA,prime,2018,6.5,150,Movie,0,0,1,0,0,0,0,7065862.3432204295,6990209.752620498
Velaiilla Pattadhari 2,NA,NA,prime,2017,5.4,2701,Movie,1,1,0,0,0,0,0,11373535.783333251,24721030.806934875
All Joking Aside,NA,NA,prime,2020,6.4,120,Movie,0,0,1,0,0,0,0,7226005.691188948,6363596.773715573
Rodeo & Juliet,NA,NA,prime,2015,4.7,1064,Movie,0,0,1,0,1,0,0,13181273.00529192,23182393.823102884
Hiding Out,NA,NA,prime,1987,6.3,3864,Movie,0,1,1,0,1,0,0,9094519.44359655,17711709.600186836
Touch,United States,NA,prime,2021,7.2,9,Movie,0,0,1,0,0,0,0,4819652.67156508,11430906.119506568
Feud of the West,NA,NA,prime,1936,5.2,30,Movie,1,0,0,0,1,0,0,17038272.39672951,55302052.333940655
Accidentally Engaged,NA,NA,prime,2016,5.7,2369,Movie,0,0,0,0,1,0,0,8083173.580844645,13248216.72358394
All Good Things,NA,NA,prime,2010,6.3,56778,Movie,0,0,1,0,0,0,0,28785661.582653087,46112063.644987434
Score,NA,NA,prime,2001,7.2,46,Movie,0,1,1,0,0,0,0,5800508.726550309,12639234.641470764
Just Add Magic: Mystery City,NA,NA,prime,2020,7.3,559,TV Show,0,1,1,0,0,0,0,NA,NA
Sinful Davey,NA,NA,prime,1969,5.8,519,Movie,0,1,0,0,0,0,0,15861748.631837899,45090428.21658908
The White Orchid,NA,NA,prime,2018,5.4,1229,Movie,0,0,1,0,0,0,1,9334768.682120755,9798006.23710998
The Undertaker,NA,NA,prime,1988,4.8,631,Movie,0,0,0,1,0,0,0,5941269.297255298,17887334.60268799
The Somme,NA,NA,prime,2005,7.3,589,Movie,0,0,1,0,0,0,0,9919720.354585247,16217755.866932234
The Kung Fu Master,NA,NA,prime,2020,5.7,344,Movie,1,0,0,0,0,0,0,11815493.594908405,31165488.706286374
Indha Nilai Maarum,NA,NA,prime,2020,6.4,30,Movie,0,1,1,0,0,0,0,7042703.174625594,7311255.106927099
Double Down,NA,NA,prime,2020,4.7,57,Movie,0,0,1,0,0,0,0,6918351.420376371,8282779.019468255
The Last Victims,NA,NA,prime,2019,5.6,78,Movie,0,0,1,0,0,0,1,9647830.327214463,10355498.630649285
Beautiful,NA,NA,prime,2000,5.5,4107,Movie,0,1,1,0,0,0,0,10534016.642084854,11829441.35769499
Gentlemen of Fortune,NA,NA,prime,1971,8.4,11728,Movie,0,1,1,0,0,0,0,5828514.881073529,36543994.730960816
Timelock,NA,NA,prime,1996,3.1,481,Movie,1,0,0,0,0,1,0,22468664.57190187,39368523.58886918
The Lair of the White Worm,NA,NA,prime,1988,5.9,12882,Movie,0,1,0,1,0,0,0,2500000,1189315
Do the Right Thing,United States,NA,prime,1989,7.9,102360,Movie,0,1,1,0,0,0,0,6500000,37295445
I Am Joe,NA,NA,prime,2016,4.5,122,Movie,1,0,1,0,0,0,0,13914836.494159745,30010219.666380323
Too Old to Die Young,United States,NA,prime,2019,7.3,9280,TV Show,0,0,1,0,0,0,1,NA,NA
Blood and Lace,NA,NA,prime,1971,5.4,1084,Movie,0,0,0,1,0,0,0,3433611.7526438423,21901378.089226417
Bottom Feeders,NA,NA,prime,2021,6.1,78,Movie,0,1,0,0,0,0,0,8453863.047631977,11985037.76941756
Someone to Carry Me,NA,NA,prime,2015,7.4,23,Movie,1,0,1,0,0,0,1,7433801.685138844,25415023.963950504
Spring,United States,NA,prime,2021,5.6,311,Movie,0,0,1,0,1,0,0,8522082.558973495,6249689.246158437
Beowulf,United States,NA,prime,2007,6.3,168553,Movie,1,0,0,0,0,0,0,70000000,195735876
Steps,NA,NA,prime,2021,7.5,66,Movie,0,0,1,0,0,0,0,5372590.293191471,15280998.816881932
Uptown Girls,NA,NA,prime,2003,6.1,39053,Movie,0,1,1,0,1,0,0,20000000,37095657
Murderous Trance,NA,NA,prime,2018,5.3,839,Movie,0,0,1,0,0,0,1,9495554.420844665,9632896.272821518
The Fatal Hour,NA,NA,prime,1940,5.4,1156,Movie,0,0,0,0,0,0,1,9891858.889301222,34554689.47162159
Falling for You,NA,NA,prime,1995,5,212,Movie,0,0,0,0,0,0,1,11694006.612575058,18021035.623461388
Maqsad,NA,NA,prime,1984,5.8,109,Movie,1,0,0,0,0,0,0,9597618.836044302,25483182.6956914
House Arrest,India,NA,prime,1996,5.7,8788,Movie,0,1,0,0,0,0,0,23041054.601293005,43436623.84031021
Her Name Was Christa,NA,NA,prime,2020,4.4,1665,Movie,0,0,0,1,1,0,1,8375602.395475632,18184581.09407465
The Voyeurs,NA,NA,prime,2021,6,21600,Movie,0,0,1,0,0,0,1,13834351.142743776,11094067.230036827
Sharknado 5: Global Swarming,NA,NA,prime,2017,3.9,6284,Movie,1,1,0,0,0,0,0,24731237.609782644,81547410.81720017
The Fanatic,NA,NA,prime,2019,4.2,12029,Movie,0,0,1,1,0,0,0,10467267.65179826,13367228.740495197
Bells of Rosarita,NA,NA,prime,1945,6.1,214,Movie,1,0,0,0,0,0,0,18508261.266701393,65319703.618287764
Chasers,NA,NA,prime,1994,5.1,6712,Movie,1,1,1,0,0,0,0,11708778.69255203,1596687
Mind Over Murder,NA,NA,prime,1979,5.5,203,Movie,0,0,0,0,0,0,1,7639134.708036793,20983138.137656476
El Ascensor,NA,NA,prime,2021,4.7,553,Movie,0,0,0,0,0,1,0,10342336.039492069,28215684.91167183
The Twins Killing Forests,NA,NA,prime,2021,2.6,18,Movie,0,0,1,0,0,0,0,8669994.445033342,19592291.55115213
Storm Boy,NA,NA,prime,2019,6.8,3671,Movie,0,0,1,0,0,0,0,12107823.668824948,32114687.500317696
Small Soldiers,United States,NA,prime,1998,6.2,99800,Movie,1,1,0,0,0,0,0,40000000,54682547
Take Care Good Night,India,"March 30, 2021",prime,2018,7.4,226,Movie,0,0,1,0,0,0,0,10384219.059450371,35016090.38817849
Rise of the Chupacabras,NA,NA,prime,2003,1.6,223,Movie,0,0,0,1,0,0,0,9592704.101414556,24723239.187412005
Let There Be Light,United States,NA,prime,2017,4.4,2864,Movie,0,0,1,0,0,0,0,9326317.807378238,11917173.42589969
Spooks Run Wild,NA,NA,prime,1941,5.4,1724,Movie,0,1,0,1,0,0,0,3469259.38328465,33396116.792156883
Tashan,India,NA,prime,2008,3.8,5520,Movie,1,1,1,0,0,0,0,10357745.82682607,24667437.644431874
Shadaa,NA,NA,prime,2019,6.2,1027,Movie,0,1,0,0,1,0,0,9397490.609072782,16836107.56646596
The Passing Bells,NA,NA,prime,2014,6.8,1159,TV Show,0,0,1,0,0,0,0,NA,NA
Miracle on the Mountain: The Kincaid Family Story,NA,NA,prime,2000,4.5,282,Movie,0,0,1,0,0,0,0,10028298.173213316,13276694.317823445
Mother's Day,United States,NA,prime,2012,8.3,6,Movie,0,0,1,0,0,0,0,5509258.236834422,20308101.72110994
The Shadow Side,NA,NA,prime,2020,4.7,69,Movie,0,0,0,1,0,0,0,6694538.919143385,13143358.955539094
Doors Open,NA,NA,prime,2012,5.8,556,Movie,0,0,1,0,0,0,0,5491928.320519033,8653353.878084334
Gang Warz,NA,NA,prime,2004,3.3,177,Movie,1,0,1,0,0,0,0,11029741.784664357,26906730.553214323
The Dangerous Book for Boys,United States,NA,prime,2018,5.9,474,TV Show,0,1,1,0,0,0,0,NA,NA
Marina,NA,NA,prime,2012,5.7,408,Movie,0,1,1,0,0,0,0,7349865.878139584,11364690.684437836
Switzerland,NA,NA,prime,2020,7.1,620,Movie,0,0,1,0,0,0,0,4979289.55855391,10799935.99836443
Dickie Roberts: Former Child Star,NA,NA,prime,2003,5.5,14800,Movie,0,1,0,0,0,0,0,14634117.85320495,21187013.440033954
Among Us,NA,NA,prime,2020,7.4,14,Movie,0,0,1,0,0,0,0,5215628.133483872,12700947.002050526
Crazy Kind of Love,NA,NA,prime,2013,5.8,2040,Movie,0,1,1,0,1,0,0,7078157.2823987445,11158471.452558527
Scarecrow County,NA,NA,prime,2019,3.5,74,Movie,0,0,0,1,0,0,1,10257188.630022524,26041196.08460278
Paralyzed,NA,NA,prime,2021,7.8,7,Movie,0,0,1,0,0,0,0,5402554.822757537,18793336.76598736
The Immortals,NA,NA,prime,2021,4,12,Movie,1,0,0,0,0,0,0,12141444.10017504,37973672.60317717
The Aggression Scale,NA,NA,prime,2012,5.9,3402,Movie,1,0,0,0,0,0,1,9615217.30142384,26817889.55492866
Loco Love,Mexico,NA,prime,2003,5.2,630,Movie,0,1,0,0,1,0,0,11369067.640826581,22863106.692663174
Bhoot Chaturdashi,India,NA,prime,2019,3.3,226,Movie,0,0,0,1,0,0,0,8251157.292278316,20150847.39237938
The Road to Cabazon,NA,NA,prime,2020,7.6,10,Movie,0,0,1,0,0,0,0,5295112.9481243715,15886160.124036103
My Brother's Keeper,NA,NA,prime,2021,3.3,55,Movie,0,0,0,0,0,0,1,8404113.959715558,24437839.240608774
Dead Man Running,NA,NA,prime,2009,5.9,4307,Movie,1,0,1,0,0,0,0,5000000,16316320.775662988
Hey Jude,NA,NA,prime,2018,6.8,1350,Movie,0,0,1,0,1,0,0,6626025.636771041,8264756.33641782
Just Another Dream,NA,NA,prime,2021,3.8,334,Movie,1,0,1,0,0,0,0,10730692.173892707,31774039.73570049
Love & Other Drugs,United States,NA,prime,2010,6.7,204424,Movie,0,1,1,0,1,0,0,30000000,102820008
Target for Tonight,NA,NA,prime,1941,6.3,363,Movie,0,0,1,0,0,0,0,9381744.077972997,28460915.147546552
Spread,NA,NA,prime,2009,5.8,40370,Movie,0,1,1,0,1,0,0,16520905.855444597,12032983
A Marriage of Convenience,NA,NA,prime,1998,6.1,535,Movie,0,0,1,0,1,0,0,7216663.529509831,7769862.715258438
Fearless,Canada,NA,prime,2017,7.6,4509,TV Show,0,0,1,0,0,0,0,NA,NA
Stay Tuned,NA,NA,prime,1992,6.2,13123,Movie,0,1,0,0,0,0,0,25000000,10736401
Don't Let Them In,NA,NA,prime,2020,4.6,934,Movie,0,0,0,1,0,0,0,8449179.641000701,27235202.114404187
Bad Seed,NA,NA,prime,2000,5.4,800,Movie,0,0,0,0,0,0,1,13235488.534542201,20932454.568375587
Memories of Reality,NA,NA,prime,2021,4.1,37,Movie,0,0,1,0,0,0,0,10407739.90146605,13463814.404407477
The Secret Life of Walter Mitty,United States,NA,prime,1947,6.9,6421,Movie,0,1,0,0,1,0,0,7491232.274686047,46857104.17989818
Walkaway Joe,NA,NA,prime,2020,5.6,1134,Movie,1,0,1,0,0,0,0,10622399.14087602,20563446.83209268
Hollywood High,NA,NA,prime,1976,3.6,434,Movie,0,1,0,0,0,0,0,7740771.571443597,22252825.235166766
Behind Green Lights,NA,NA,prime,1946,6.4,933,Movie,0,0,1,0,0,0,0,5534724.068619837,31290962.446856532
Wodehouse in Exile,NA,NA,prime,2013,7.2,305,Movie,0,0,1,0,0,0,0,3537762.068389322,7672918.495283121
I Know What You Did Last Summer,NA,NA,prime,2021,5.3,7791,TV Show,0,0,1,1,0,0,0,NA,NA
Achamindri,NA,NA,prime,2016,6.3,129,Movie,0,0,0,0,0,0,1,6851926.205082,12616002.023024177
The Game,United States,NA,prime,2021,9.5,79,Movie,1,0,1,0,0,0,0,35852638.29057028,182397634.71602416
Red Dog,United States,NA,prime,2011,7.3,18182,Movie,0,1,1,0,0,0,0,14303271.508558786,31448612.53331265
Nerungi Vaa Muthamidathe,NA,NA,prime,2014,6.3,66,Movie,0,0,1,0,0,0,0,5311698.96583199,5703542.661516629
Gold,NA,NA,prime,2018,7.3,14078,Movie,0,0,1,0,0,0,0,22287386.361528296,36200845.97762437
At Granny's House,United States,NA,prime,2015,4.6,2462,Movie,0,0,0,0,0,0,1,6600161.472112943,16725867.861161135
Aadu Magaadra Bujji,NA,NA,prime,2013,5.7,85,Movie,1,1,0,0,1,0,0,12446821.562504288,27661807.24781615
Silver City,NA,NA,prime,2004,6,4084,Movie,0,1,1,0,0,0,0,11911887.413958017,15830856.06434585
Extracurricular Activities,NA,NA,prime,2019,6.2,1408,Movie,0,1,0,0,0,0,1,8927054.664417667,17694608.095250946
Afsos,NA,NA,prime,2020,7.5,3146,TV Show,0,1,1,0,0,0,0,NA,NA
Infidelity,NA,NA,prime,2004,5.1,218,Movie,0,0,1,0,0,0,0,6176477.719800779,8492361.97905134
Volcano: Fire on the Mountain,NA,NA,prime,1997,4.5,676,Movie,1,0,1,0,0,0,0,12076700.901472444,18845551.17486303
Atlas Shrugged: Part III,NA,NA,prime,2014,4.3,3561,Movie,0,0,1,0,0,1,0,5000000,846704
We'll Take Manhattan,NA,NA,prime,2012,6.6,1196,Movie,0,0,1,0,1,0,0,5974676.746575092,8501478.912427116
Ninu Veedani Needanu Nene,NA,NA,prime,2019,5.8,430,Movie,0,1,0,0,0,0,0,9273882.111509535,12671554.226758245
The Things We Carry,NA,NA,prime,2009,6.8,119,Movie,0,0,1,0,0,0,0,4713023.379985555,8796737.075929526
On Golden Pond,NA,NA,prime,1981,7.6,31770,Movie,0,0,1,0,0,0,0,6264645.784609274,19255967
The Goldfinch,United States,NA,prime,2019,6.3,23404,Movie,0,0,1,0,0,0,0,13125531.607127942,10978626.41001832
Do You Remember Dolly Bell?,NA,NA,prime,1981,7.6,6394,Movie,0,1,1,0,1,0,0,5951612.978634366,27407086.992503636
Halal Love Story,India,NA,prime,2020,6.1,1620,Movie,0,1,0,0,0,0,0,8629942.350224875,12063065.475025892
Shutter,Thailand,NA,prime,2017,4.2,615,Movie,0,0,0,1,0,0,1,8571019.35545646,19656775.454490907
Snapshots,NA,NA,prime,2018,7,2109,Movie,0,0,1,0,0,0,0,5653421.220742504,10168784.855809797
Slayer,NA,NA,prime,2006,3.5,751,Movie,1,0,0,1,0,1,0,17407969.125355907,37596186.79524018
Ip Man,Hong Kong,NA,prime,2013,5.7,181,TV Show,1,0,0,0,0,0,0,NA,NA
The Big Town,NA,NA,prime,1987,5.9,2314,Movie,0,0,1,0,1,0,1,7588991.266618782,1700000
Ruben Guthrie,NA,NA,prime,2015,5.8,639,Movie,0,1,1,0,1,0,0,6510588.419533195,9149749.651736937
Ms. Purple,NA,NA,prime,2019,6.3,644,Movie,0,0,1,0,0,0,0,6986665.604784026,6504719.930402263
Tell It to the Bees,NA,NA,prime,2018,6.4,5413,Movie,0,0,1,0,1,0,0,8209564.322487291,5974567.181993344
Mayday,NA,NA,prime,2013,6.6,1534,TV Show,0,0,1,0,0,0,0,NA,NA
Diamond in the Rough,NA,NA,prime,2019,6.6,32,Movie,0,0,1,0,0,0,0,6621426.541315762,7276960.515053606
El Vigilante,NA,NA,prime,2016,6.8,119,Movie,0,0,1,0,0,0,0,4831094.461339193,7441294.472672034
A Christmas in Royal Fashion,NA,NA,prime,2018,5.3,645,Movie,0,0,0,0,1,0,0,8272172.779157965,13977169.663806107
Anbirkiniyal,India,NA,prime,2021,6.8,373,Movie,0,0,1,0,0,0,1,7023411.384922684,10572037.927892264
Narappa,NA,NA,prime,2021,7.9,3979,Movie,1,0,1,0,0,0,0,14779082.292321691,45864886.783658065
The Peacock Spring,NA,NA,prime,1996,7.3,152,Movie,0,0,1,0,0,0,0,5595265.209882526,11610049.930049464
Into the Sun,NA,NA,prime,2005,4.3,7664,Movie,1,0,0,0,0,0,1,15000000,34517933.01939764
From There to Here,NA,NA,prime,2014,7.1,554,TV Show,0,0,1,0,0,0,0,NA,NA
Copperman,Italy,NA,prime,2019,6,324,Movie,0,0,1,0,0,0,0,6899595.527120811,6222480.458263726
Smile Please,India,NA,prime,2019,7.1,223,Movie,0,0,1,0,0,0,0,4963408.224273208,10791840.20296443
Rival,NA,NA,prime,2020,9.4,5,Movie,0,0,1,0,0,0,0,21365126.55668936,125552481.08708365
Sharktopus,NA,NA,prime,2010,3.2,7430,Movie,1,1,0,0,0,0,0,17873071.578635674,52757641.50311538
Sand Castles,NA,NA,prime,2014,6.7,2342,Movie,0,0,1,0,0,0,1,5919483.162377053,9476090.349044604
The Wrong Car,NA,NA,prime,2016,5.5,1017,Movie,0,0,1,0,0,0,1,6466609.770060183,8563048.658648612
Narasimhapuram,NA,NA,prime,2021,7.6,2195,Movie,1,0,1,0,0,0,0,7662243.541945961,28907861.88509665
Prem Nagar,NA,NA,prime,1974,6.1,136,Movie,0,0,1,0,1,0,0,9467762.1102962,39683774.30020168
Detective MJ: Shadow of a Hero,NA,NA,prime,2020,5.6,12,Movie,1,1,0,0,0,0,0,11784776.245342065,25835354.22722135
Jungle,Australia,NA,prime,2017,6.7,57347,Movie,1,0,0,0,0,0,0,47430842.198996335,93797336.34867643
White Sands,NA,NA,prime,1992,6,8203,Movie,1,0,1,0,0,0,0,11220584.075169753,17166753.752961323
Results,United States,NA,prime,2015,5.4,7270,Movie,0,1,0,0,1,0,0,8781576.850465676,104507
Killer Movie,NA,NA,prime,2008,4.4,2992,Movie,0,1,0,1,0,0,0,2000000,29842623.469063815
Def Comedy Jam,NA,NA,prime,1992,7.9,552,TV Show,0,1,0,0,0,0,0,NA,NA
Shanghai Knights,NA,NA,prime,2003,6.2,106763,Movie,1,1,0,0,0,0,0,50000000,88323487
A Dog Barking at the Moon,NA,NA,prime,2019,6.1,220,Movie,0,0,1,0,0,0,0,6819940.860222589,6019632.091492862
The Tall Man,Canada,NA,prime,2012,5.9,41223,Movie,0,0,1,1,0,0,0,18200000,26180436.816813946
Black Gunn,NA,NA,prime,1972,5.7,699,Movie,1,0,0,0,0,0,1,9456593.834863951,30753310.07539186
Hellarious,NA,NA,prime,2019,5.5,289,Movie,0,1,0,1,0,0,0,6170124.937197108,11614095.677685544
His Girl Friday,NA,NA,prime,1940,7.8,58954,Movie,0,1,1,0,1,0,0,8488170.942100214,55363208.17913883
Happy 40th,NA,NA,prime,2015,6.4,73,Movie,0,0,1,0,0,0,0,5624767.59293958,5198757.025082384
Available,United States,NA,prime,2016,6.1,868,Movie,0,0,1,0,0,0,1,6005983.062810228,7688108.272649686
Arjun Reddy,NA,NA,prime,2017,8,25606,Movie,1,0,1,0,1,0,0,17180905.16855352,62627798.13082013
Thottu Vidum Thooram,NA,NA,prime,2020,6.2,22,Movie,0,0,1,0,0,0,0,6888742.374681932,6122757.663803472
Gelo,India,NA,prime,2016,5.7,141,Movie,0,0,1,0,0,0,0,8262852.69913097,6551121.989375864
Safe House,South Africa,NA,prime,2021,8.8,30,Movie,0,0,1,0,0,0,0,19803254.653214972,116498484.12851688
Vikram Vedha,NA,NA,prime,2017,8.3,43459,Movie,1,0,1,0,0,0,0,20756178.02160412,67908571.00482623
Chai Kahani,NA,NA,prime,2021,8.4,34,Movie,0,0,1,0,0,0,0,10307185.838131743,48934297.49872694
Blonde Comet,NA,NA,prime,1941,5.1,107,Movie,1,0,1,0,1,0,0,9236303.501976611,32941328.37986681
I Met My Love Again,NA,NA,prime,1938,5.5,360,Movie,0,0,1,0,1,0,0,7196798.8159646625,29293843.20066092
Dororo,NA,NA,prime,2019,8.3,13364,TV Show,1,0,0,0,0,0,0,NA,NA
The Flock,NA,NA,prime,2007,5.7,11587,Movie,0,0,1,0,0,0,0,16514594.20794542,15862855.841474254
The Key to Rebecca,NA,NA,prime,1985,6.4,447,Movie,0,0,1,0,1,0,0,10401638.58898897,19745460.844949625
Drunk Wedding,NA,NA,prime,2015,4.6,877,Movie,0,1,0,0,0,0,0,7602843.356031086,11771115.676023612
While She Was Out,NA,NA,prime,2008,4.7,6918,Movie,0,0,1,0,0,0,1,6000000,391410
Vicky Velingkar,India,NA,prime,2019,5,82,Movie,0,0,0,0,0,0,1,7043428.399708239,17383421.76336518
Kombu,NA,NA,prime,2020,4.6,44,Movie,0,0,0,0,0,0,1,7367192.664016937,18274848.508931484
Dead Or?,NA,NA,prime,2021,3.4,37,Movie,0,0,0,0,0,0,1,8152336.869182687,23999302.016925443
The Mandela Effect,United States,NA,prime,2019,5.8,3729,Movie,0,0,1,0,0,1,1,11678928.488584042,22059963.8672947
The Painted Hills,NA,NA,prime,1951,4.2,1148,Movie,0,0,1,0,0,0,0,9518720.146169253,37134718.9498933
Father to Son,NA,NA,prime,2018,6.7,327,Movie,0,0,1,0,0,0,0,6324651.829578219,7028944.764738021
E.14,NA,NA,prime,2020,5.4,57,Movie,0,0,1,0,0,0,0,7356655.794382796,6093502.740578981
Max Cloud,NA,NA,prime,2020,4.7,5167,Movie,1,1,0,0,0,1,0,24899934.873119507,61957624.12437014
Chinnanjiru Kiliye,NA,NA,prime,2021,8.3,63,Movie,0,0,1,0,0,0,0,8725262.902098801,35348857.14290982
No Sleep 'Til Christmas,NA,NA,prime,2018,6.5,2308,Movie,0,1,0,0,1,0,0,9278100.220971463,14766970.313390909
Sugar Hill,NA,NA,prime,1974,5.8,2086,Movie,1,0,0,1,0,0,0,5458326.598183307,25894038.632033683
Jugni,NA,NA,prime,2016,6.1,145,Movie,0,0,1,0,0,0,0,5553723.405384138,4896579.873676858
Christmas in Mississippi,NA,NA,prime,2017,6.4,1541,Movie,0,0,1,0,1,0,0,7492321.606464815,6475889.506824915
Catching Faith,United States,NA,prime,2015,4.7,487,Movie,0,0,1,0,0,0,0,7861610.949780675,28111276.944585506
And There Were 4,NA,NA,prime,2018,4.3,58,Movie,1,0,1,0,0,0,0,10930820.554527264,28036569.988699894
Road Less Traveled,NA,NA,prime,2017,5.8,709,Movie,0,0,0,0,1,0,0,9156407.322548015,14748949.12130562
Leave No Trace,United States,NA,prime,2018,7.1,59855,Movie,0,0,1,0,0,0,0,29926586.075050708,67855669.03993374
Padmaavat,India,NA,prime,2018,7,32849,Movie,0,0,1,0,1,0,0,14485726.811691398,19035656.64089268
Merry-Go-Round,NA,NA,prime,1923,6.6,382,Movie,0,0,1,0,0,0,0,4821176.096609203,32567082.729927566
I Do,NA,NA,prime,2020,8.3,10,Movie,0,0,1,0,0,0,0,8725262.902098801,35348857.14290982
Shor Se Shuruaat,NA,NA,prime,2016,6.6,157,Movie,0,0,1,0,0,0,0,5729991.555553014,6284741.338897415
The Collector,NA,NA,prime,2009,6.3,65957,Movie,1,0,0,1,0,0,1,3400000,114000000
Lady Jane,NA,NA,prime,1986,7.1,6690,Movie,0,0,1,0,0,0,0,8500000,25622246.159436546
The Monster Squad,United States,NA,prime,1987,6.9,32683,Movie,1,1,0,0,0,0,0,12000000,3769990
Jack Goes Boating,NA,NA,prime,2010,6.3,8498,Movie,0,0,1,0,1,0,0,7969060.737904549,538000
Raatchasi,India,NA,prime,2019,7.4,1796,Movie,0,0,1,0,0,0,0,5728197.389798507,13201276.504477242
"Slate, Wyn & Me",NA,NA,prime,1987,4.3,70,Movie,1,0,1,0,0,0,0,10175764.583444424,19325732.751656644
Being Erica,Canada,"June 11, 2021",prime,2009,7.7,9761,TV Show,0,1,1,0,0,0,0,NA,NA
All's Faire in Love,NA,NA,prime,2009,4.8,972,Movie,0,1,0,0,0,0,0,9100840.134085823,16684176.661629627
The Grudge 2,United States,NA,prime,2006,5,49689,Movie,0,0,0,1,0,0,1,20000000,39143839
The Map of Tiny Perfect Things,United States,NA,prime,2021,6.8,22817,Movie,0,1,0,0,1,0,0,14993179.993211247,23509687.053840622
I Fell In Love With A Sanki,NA,NA,prime,2019,9.1,21,TV Show,0,1,1,0,0,0,0,NA,NA
Resident Evil: Retribution,Germany,NA,prime,2012,5.3,143151,Movie,1,0,0,1,0,1,0,65000000,240159255
The Dream Motel,NA,NA,prime,2019,6.9,61,TV Show,0,0,1,0,0,0,0,NA,NA
Unhinged,NA,NA,prime,2020,6,68469,Movie,1,0,0,0,0,0,1,26623153.36101662,51949932.06946562
Abandoned and Deceived,NA,NA,prime,1995,6.1,299,Movie,0,0,1,0,0,0,0,8686812.837643946,9482519.18058954
The Great Hypnotist,NA,NA,prime,2014,6.9,2791,Movie,0,0,1,0,0,0,1,8803016.184469897,10754219.204672707
Narbachi Wadi,NA,NA,prime,2013,7.9,229,Movie,0,1,0,0,0,0,0,5932506.45195242,26281896.252676062
Hard to Get,NA,NA,prime,2014,6.8,128,Movie,1,0,0,0,1,0,0,12629396.765731376,30736229.6839652
Juice,NA,NA,prime,1992,7,27457,Movie,1,0,1,0,0,0,0,5000000,20146880
Good Omens,United Kingdom,NA,prime,2019,8,76331,TV Show,0,1,0,0,0,0,0,NA,NA
True Blue,NA,NA,prime,2001,5.2,851,Movie,0,0,1,0,0,0,1,10693045.972968178,12963805.73185002
No Answer,NA,NA,prime,2020,9.3,105,Movie,0,0,1,0,0,0,0,21365126.55668936,125552481.08708365
Darling,NA,NA,prime,2015,5.9,949,Movie,0,1,0,1,0,0,0,5344266.489191241,11304650.160503615
Beta,India,NA,prime,1992,6.2,2171,Movie,0,0,1,0,1,0,0,8816477.313836377,13698274.40749407
The Snows of Kilimanjaro,NA,NA,prime,1952,6.1,5390,Movie,0,0,1,0,1,0,0,7883005.385859877,39172136.42225375
Sangili Bungili Kadhava Thorae,NA,NA,prime,2017,5.3,440,Movie,0,1,0,1,0,0,0,6139942.920773149,11366479.311394183
Gold Digger,NA,NA,prime,2016,5.5,498,Movie,0,1,0,0,0,0,0,7882209.360680928,9728398.92829897
Megiddo: The Omega Code 2,NA,NA,prime,2001,3.9,2853,Movie,1,0,0,0,0,0,0,22396147.443717666,46895897.42586922
Phas Gaye Re Obama,NA,NA,prime,2010,7.5,5555,Movie,0,1,1,0,0,0,0,6020909.287073882,16392706.419866528
Born Equal,NA,NA,prime,2006,6.7,556,Movie,0,0,1,0,0,0,0,4713423.826721141,8185168.488645015
The American,United States,NA,prime,1998,6.1,226,Movie,0,0,1,0,1,0,0,7184234.306562463,7731069.823258438
The Secret of NIMH,NA,NA,prime,1982,7.5,41591,Movie,0,0,1,0,0,0,0,7000000,14665733
True Horror,NA,NA,prime,2018,6.3,283,TV Show,0,0,0,1,0,0,0,NA,NA
Odd Squad,NA,NA,prime,2014,7.2,1167,TV Show,1,1,0,0,0,0,0,NA,NA
Tripwire,NA,NA,prime,1989,5,298,Movie,1,0,1,0,0,0,1,11029529.057923255,19180776.674033675
Nice Package,NA,NA,prime,2016,4.9,147,Movie,0,1,0,0,0,0,0,24290513.890537422,57984363.47945095
Tenderness,NA,NA,prime,2009,5.5,7928,Movie,0,0,1,0,0,0,1,8841052.227055823,13673232.801623683
Stinger,NA,NA,prime,2005,3.6,1442,Movie,1,1,0,0,0,0,0,19910946.464365512,54393867.91203069
She's Not Our Sister,NA,NA,prime,2011,6.2,69,Movie,0,0,1,0,0,0,0,5310843.886034178,7227951.745267265
My Paranormal Nightmare,NA,NA,prime,2020,6.4,67,TV Show,0,0,1,1,0,0,0,NA,NA
The Aeronauts,United Kingdom,NA,prime,2019,6.6,33652,Movie,1,0,1,0,0,0,0,28023659.69292383,53601348.187963404
A Chinese Ghost Story II,NA,NA,prime,1990,6.9,3664,Movie,1,1,0,0,0,0,0,13029589.904173745,26006642.807133656
Princess Principal,NA,NA,prime,2017,7.2,451,TV Show,1,0,0,0,0,0,0,NA,NA
Yellowneck,NA,NA,prime,1955,4.4,226,Movie,0,0,1,0,0,0,0,11975829.95580793,41864903.21120978
Sarbjit,India,NA,prime,2016,7.3,5099,Movie,0,0,1,0,0,0,0,9643642.122952003,12930831.333611635
Gelo,India,NA,prime,2016,5.7,141,Movie,0,0,1,0,0,0,0,8262852.69913097,6551121.989375864
